
<record>
  <leader>01431cam a2200265 a 4500</leader>
  <controlfield tag="001">1384245</controlfield>
  <controlfield tag="005">19920212091951.7</controlfield>
  <controlfield tag="008">820210s1980    no       b    000 0 nor  </controlfield>
  <datafield tag="035" ind1=" " ind2=" ">
    <subfield code="9">(DLC)   81470514</subfield>
  </datafield>
  <datafield tag="906" ind1=" " ind2=" ">
    <subfield code="a">7</subfield>
    <subfield code="b">cbc</subfield>
    <subfield code="c">orignew</subfield>
    <subfield code="d">4</subfield>
    <subfield code="e">ncip</subfield>
    <subfield code="f">19</subfield>
    <subfield code="g">y-gencatlg</subfield>
  </datafield>
  <datafield tag="010" ind1=" " ind2=" ">
    <subfield code="a">   81470514 </subfield>
  </datafield>
  <datafield tag="015" ind1=" " ind2=" ">
    <subfield code="a">N80-Dec</subfield>
  </datafield>
  <datafield tag="020" ind1=" " ind2=" ">
    <subfield code="a">8200054519 :</subfield>
    <subfield code="c">kr75.00</subfield>
  </datafield>
  <datafield tag="040" ind1=" " ind2=" ">
    <subfield code="a">DLC</subfield>
    <subfield code="c">DLC</subfield>
    <subfield code="d">DLC</subfield>
    <subfield code="d">OCoLC</subfield>
  </datafield>
  <datafield tag="050" ind1="0" ind2="0">
    <subfield code="a">PN56.5.W64</subfield>
    <subfield code="b">F7</subfield>
  </datafield>
  <datafield tag="245" ind1="0" ind2="0">
    <subfield code="a">Fra barn til kvinne :</subfield>
    <subfield code="b">en artikkelsamling /</subfield>
    <subfield code="c">av, Anne-Cathrine Andersen ... [et al.].</subfield>
  </datafield>
  <datafield tag="260" ind1=" " ind2=" ">
    <subfield code="a">Tromsø :</subfield>
    <subfield code="b">Universitetsforlaget,</subfield>
    <subfield code="c">c1980</subfield>
    <subfield code="e">(Drammen :</subfield>
    <subfield code="f">Tangen-trykk)</subfield>
  </datafield>
  <datafield tag="300" ind1=" " ind2=" ">
    <subfield code="a">167 p. ;</subfield>
    <subfield code="c">21 cm.</subfield>
  </datafield>
  <datafield tag="504" ind1=" " ind2=" ">
    <subfield code="a">Includes bibliographical references.</subfield>
  </datafield>
  <datafield tag="505" ind1="0" ind2=" ">
    <subfield code="a">Hvor ble Persefone av? / Synnove des Bouvrie Thorsen -- Hvor ble søstrene av? / Åse Hiorth Lervik -- To opprørske jenter, Jane Eyre og Maggie Tulliver / Gerd Bjørhovde -- Gabriele Reuter / Anne-Cathrine Andersen -- Clara Viebigs feministiske romaner / Wenche Aamold -- Guttejenter av Teuvo Pakkala / Anna-Riitta Lindgren -- Barnlighetens bevarelse i Karin Michaëlis&apos; forfatterskp / Susanne Fabricius -- Småjenteskildringer i noveller av Sigrid Undset og Bjørg Vik / Liv Riiser -- Oppdragelse til god sovjetborger / Ingvild Broch.</subfield>
  </datafield>
  <datafield tag="650" ind1=" " ind2="0">
    <subfield code="a">Women in literature.</subfield>
  </datafield>
  <datafield tag="650" ind1=" " ind2="0">
    <subfield code="a">Girls in literature.</subfield>
  </datafield>
  <datafield tag="650" ind1=" " ind2="0">
    <subfield code="a">Fiction</subfield>
    <subfield code="x">History and criticism.</subfield>
  </datafield>
  <datafield tag="700" ind1="1" ind2=" ">
    <subfield code="a">Andersen, Anne-Cathrine,</subfield>
    <subfield code="d">1946-</subfield>
  </datafield>
  <datafield tag="991" ind1=" " ind2=" ">
    <subfield code="b">c-GenColl</subfield>
    <subfield code="h">PN56.5.W64</subfield>
    <subfield code="i">F7</subfield>
    <subfield code="t">Copy 1</subfield>
    <subfield code="w">BOOKS</subfield>
  </datafield>
</record>