
<record>
  <leader>00953cam a22002657a 4500</leader>
  <controlfield tag="001">3796505</controlfield>
  <controlfield tag="005">19901025142921.5</controlfield>
  <controlfield tag="007">hdrafa---baca</controlfield>
  <controlfield tag="007">hdrbfa---baaa</controlfield>
  <controlfield tag="008">840718s1910    nyu           000 0 eng  </controlfield>
  <datafield tag="035" ind1=" " ind2=" ">
    <subfield code="9">(DLC)   84187870</subfield>
  </datafield>
  <datafield tag="906" ind1=" " ind2=" ">
    <subfield code="a">7</subfield>
    <subfield code="b">cbc</subfield>
    <subfield code="c">orignew</subfield>
    <subfield code="d">5</subfield>
    <subfield code="e">ncip</subfield>
    <subfield code="f">19</subfield>
    <subfield code="g">y-genmicro</subfield>
  </datafield>
  <datafield tag="010" ind1=" " ind2=" ">
    <subfield code="a">   84187870 </subfield>
  </datafield>
  <datafield tag="040" ind1=" " ind2=" ">
    <subfield code="a">DLC</subfield>
    <subfield code="c">DLC</subfield>
    <subfield code="d">DLC</subfield>
  </datafield>
  <datafield tag="050" ind1="0" ind2="0">
    <subfield code="a">Microfilm 84/6213 (P) &lt;MicRR&gt;</subfield>
  </datafield>
  <datafield tag="100" ind1="1" ind2=" ">
    <subfield code="a">Blaney, Charles E.,</subfield>
    <subfield code="d">d. 1944.</subfield>
  </datafield>
  <datafield tag="245" ind1="1" ind2="0">
    <subfield code="a">Jane Eyre [microform].</subfield>
  </datafield>
  <datafield tag="260" ind1=" " ind2=" ">
    <subfield code="a">[New York :</subfield>
    <subfield code="b">C.E. Blaney,</subfield>
    <subfield code="c">c1910]</subfield>
  </datafield>
  <datafield tag="300" ind1=" " ind2=" ">
    <subfield code="a">70 leaves ; 28 cm.</subfield>
  </datafield>
  <datafield tag="500" ind1=" " ind2=" ">
    <subfield code="a">A dramatization of the novel by Charlotte Brontë.</subfield>
  </datafield>
  <datafield tag="500" ind1=" " ind2=" ">
    <subfield code="a">Call number of original: PS3503.L47J3 1910.</subfield>
  </datafield>
  <datafield tag="500" ind1=" " ind2=" ">
    <subfield code="a">Master microform held by: DLC.</subfield>
  </datafield>
  <datafield tag="533" ind1=" " ind2=" ">
    <subfield code="a">Microfilm. Washington, D.C. : Library of Congress Photoduplication Service, 1984. 1 microfilm reel ; 35 mm.</subfield>
  </datafield>
  <datafield tag="952" ind1=" " ind2=" ">
    <subfield code="a">*bg16 010 040 10-25-90</subfield>
  </datafield>
  <datafield tag="991" ind1=" " ind2=" ">
    <subfield code="b">c-MicRR</subfield>
    <subfield code="h">Microfilm 84/6213 (P) &lt;MicRR&gt;</subfield>
    <subfield code="t">Copy 1</subfield>
    <subfield code="w">BOOKS</subfield>
  </datafield>
</record>