
<record>
  <leader>01612cam a2200289 a 4500</leader>
  <controlfield tag="001">2405464</controlfield>
  <controlfield tag="005">19980121083733.0</controlfield>
  <controlfield tag="008">860611s1987    nyu      b    001 0 eng  </controlfield>
  <datafield tag="035" ind1=" " ind2=" ">
    <subfield code="9">(DLC)   86014761</subfield>
  </datafield>
  <datafield tag="906" ind1=" " ind2=" ">
    <subfield code="a">7</subfield>
    <subfield code="b">cbc</subfield>
    <subfield code="c">orignew</subfield>
    <subfield code="d">1</subfield>
    <subfield code="e">ocip</subfield>
    <subfield code="f">19</subfield>
    <subfield code="g">y-gencatlg</subfield>
  </datafield>
  <datafield tag="010" ind1=" " ind2=" ">
    <subfield code="a">   86014761 </subfield>
  </datafield>
  <datafield tag="020" ind1=" " ind2=" ">
    <subfield code="a">0877546878 (alk. paper) :</subfield>
    <subfield code="c">$19.95</subfield>
  </datafield>
  <datafield tag="040" ind1=" " ind2=" ">
    <subfield code="a">DLC</subfield>
    <subfield code="c">DLC</subfield>
    <subfield code="d">DLC</subfield>
  </datafield>
  <datafield tag="050" ind1="0" ind2="0">
    <subfield code="a">PR4169</subfield>
    <subfield code="b">.B76 1987</subfield>
  </datafield>
  <datafield tag="082" ind1="0" ind2="0">
    <subfield code="a">823/.809</subfield>
    <subfield code="a">B</subfield>
    <subfield code="2">19</subfield>
  </datafield>
  <datafield tag="245" ind1="0" ind2="4">
    <subfield code="a">The Brontës /</subfield>
    <subfield code="c">edited and with an introduction by Harold Bloom.</subfield>
  </datafield>
  <datafield tag="260" ind1=" " ind2=" ">
    <subfield code="a">New York :</subfield>
    <subfield code="b">Chelsea House Publishers,</subfield>
    <subfield code="c">1987.</subfield>
  </datafield>
  <datafield tag="300" ind1=" " ind2=" ">
    <subfield code="a">viii, 211 p. ;</subfield>
    <subfield code="c">24 cm.</subfield>
  </datafield>
  <datafield tag="440" ind1=" " ind2="0">
    <subfield code="a">Modern critical views</subfield>
  </datafield>
  <datafield tag="504" ind1=" " ind2=" ">
    <subfield code="a">Bibliography: p. 199-202.</subfield>
  </datafield>
  <datafield tag="500" ind1=" " ind2=" ">
    <subfield code="a">Includes index.</subfield>
  </datafield>
  <datafield tag="505" ind1="0" ind2=" ">
    <subfield code="a">Artistic truth in the novels of Charlotte Brontë / Inga-Stina Ewbank -- The tenant of Wildfell Hall / W.A. Craik -- Charlotte and Emily Brontë / Raymond Williams -- A baby god, the creative dynamism of Emily Brontë&apos;s poetry / Rosalind Miles -- Repression and sublimation of nature in Wuthering Heights / Margaret Homans -- The genesis of hunger according to Shirley / Sandra M. Gilbert and Susan Gubar -- The face in the mirror, Villette and the conventions of autobiography / Janice Carlisle -- Jane Eyre in search of her story / Rosemarie Bodenheimer -- Wuthering Heights, repetition and the &quot;uncanny&quot; / J. Hillis Miller -- Chronology.</subfield>
  </datafield>
  <datafield tag="600" ind1="3" ind2="0">
    <subfield code="a">Brontë family.</subfield>
  </datafield>
  <datafield tag="650" ind1=" " ind2="0">
    <subfield code="a">English fiction</subfield>
    <subfield code="y">19th century</subfield>
    <subfield code="x">History and criticism.</subfield>
  </datafield>
  <datafield tag="700" ind1="1" ind2=" ">
    <subfield code="a">Bloom, Harold.</subfield>
  </datafield>
  <datafield tag="991" ind1=" " ind2=" ">
    <subfield code="b">c-GenColl</subfield>
    <subfield code="h">PR4169</subfield>
    <subfield code="i">.B76 1987</subfield>
    <subfield code="t">Copy 1</subfield>
    <subfield code="w">BOOKS</subfield>
  </datafield>
  <datafield tag="991" ind1=" " ind2=" ">
    <subfield code="b">c-GenColl</subfield>
    <subfield code="h">PR4169</subfield>
    <subfield code="i">.B76 1987</subfield>
    <subfield code="p">00005130001</subfield>
    <subfield code="t">Copy 2</subfield>
    <subfield code="w">CCF</subfield>
  </datafield>
</record>