
<record>
  <leader>02341cjm a22005171a 4500</leader>
  <controlfield tag="001">12058719</controlfield>
  <controlfield tag="005">20000618164825.0</controlfield>
  <controlfield tag="007">sdufungnn---e-</controlfield>
  <controlfield tag="008">910626p19891980nyumun   fi              </controlfield>
  <datafield tag="035" ind1=" " ind2=" ">
    <subfield code="a">(OCoLC)ocm24393056</subfield>
  </datafield>
  <datafield tag="906" ind1=" " ind2=" ">
    <subfield code="a">0</subfield>
    <subfield code="b">cbc</subfield>
    <subfield code="c">copycat</subfield>
    <subfield code="d">3</subfield>
    <subfield code="e">ncip</subfield>
    <subfield code="f">19</subfield>
    <subfield code="g">y-soundrec</subfield>
  </datafield>
  <datafield tag="010" ind1=" " ind2=" ">
    <subfield code="a">   99581129 </subfield>
  </datafield>
  <datafield tag="020" ind1=" " ind2=" ">
    <subfield code="c">$12.98</subfield>
  </datafield>
  <datafield tag="024" ind1="1" ind2=" ">
    <subfield code="a">2894209462</subfield>
  </datafield>
  <datafield tag="028" ind1="0" ind2="2">
    <subfield code="a">420 946-2</subfield>
    <subfield code="b">Philips</subfield>
  </datafield>
  <datafield tag="033" ind1="1" ind2="0">
    <subfield code="a">198006--</subfield>
    <subfield code="a">198606--</subfield>
    <subfield code="a">198705--</subfield>
    <subfield code="b">3700</subfield>
  </datafield>
  <datafield tag="040" ind1=" " ind2=" ">
    <subfield code="a">DLC</subfield>
    <subfield code="c">MH-Mu</subfield>
    <subfield code="d">IWhN</subfield>
    <subfield code="d">OCoLC</subfield>
    <subfield code="d">DLC</subfield>
  </datafield>
  <datafield tag="041" ind1="0" ind2=" ">
    <subfield code="g">eng</subfield>
  </datafield>
  <datafield tag="042" ind1=" " ind2=" ">
    <subfield code="a">lcderive</subfield>
  </datafield>
  <datafield tag="043" ind1=" " ind2=" ">
    <subfield code="a">e-uk---</subfield>
  </datafield>
  <datafield tag="050" ind1="0" ind2="0">
    <subfield code="a">Philips 420 946-2</subfield>
  </datafield>
  <datafield tag="110" ind1="2" ind2=" ">
    <subfield code="a">Boston Pops Orchestra.</subfield>
    <subfield code="4">itr</subfield>
  </datafield>
  <datafield tag="245" ind1="1" ind2="0">
    <subfield code="a">Pops Britannia</subfield>
    <subfield code="h">[sound recording] /</subfield>
    <subfield code="c">John Williams and the Boston Pops Orchestra.</subfield>
  </datafield>
  <datafield tag="260" ind1=" " ind2=" ">
    <subfield code="a">New York :</subfield>
    <subfield code="b">Philips :</subfield>
    <subfield code="b">Manufactured by PolyGram Classics and Jazz,</subfield>
    <subfield code="c">p1989.</subfield>
  </datafield>
  <datafield tag="300" ind1=" " ind2=" ">
    <subfield code="a">1 sound disc (65 min.) :</subfield>
    <subfield code="b">digital ;</subfield>
    <subfield code="c">4 3/4 in.</subfield>
  </datafield>
  <datafield tag="306" ind1=" " ind2=" ">
    <subfield code="a">010457</subfield>
  </datafield>
  <datafield tag="490" ind1="0" ind2=" ">
    <subfield code="a">Digital classics</subfield>
  </datafield>
  <datafield tag="511" ind1="0" ind2=" ">
    <subfield code="a">Boston Pops Orchestra ; John Williams, conductor ; Bay State Pipes and Drums.</subfield>
  </datafield>
  <datafield tag="518" ind1=" " ind2=" ">
    <subfield code="a">Recorded June 1980, June 1986, and May 1987.</subfield>
  </datafield>
  <datafield tag="500" ind1=" " ind2=" ">
    <subfield code="a">Program notes by Richard Dyer (4 p.) inserted in container.</subfield>
  </datafield>
  <datafield tag="500" ind1=" " ind2=" ">
    <subfield code="a">Selections previously released 1980-1989.</subfield>
  </datafield>
  <datafield tag="505" ind1="0" ind2=" ">
    <subfield code="a">Orb and sceptre / William Walton (6:50) -- Brigg Fair / Frederick Delius (15:47) -- Irish tune from County Derry : Danny boy / trad. ; arr. Percy Aldridge Grainger (3:45) -- Fantasia on Greensleeves / Ralph Vaughan Williams ; adapted by Ralph Greaves (4:35) -- An Orkney wedding, with sunrise / Peter Maxwell Davies (14:00) -- Jane Eyre / John Williams (13:24) -- Scotland the brave / trad. ; arr. P. Hollenbeck (2:00).</subfield>
  </datafield>
  <datafield tag="650" ind1=" " ind2="0">
    <subfield code="a">Orchestral music.</subfield>
  </datafield>
  <datafield tag="650" ind1=" " ind2="0">
    <subfield code="a">Folk music</subfield>
    <subfield code="z">Great Britain.</subfield>
  </datafield>
  <datafield tag="650" ind1=" " ind2="0">
    <subfield code="a">Motion picture music.</subfield>
  </datafield>
  <datafield tag="700" ind1="1" ind2=" ">
    <subfield code="a">Williams, John,</subfield>
    <subfield code="d">1932-</subfield>
    <subfield code="4">cnd</subfield>
  </datafield>
  <datafield tag="700" ind1="1" ind2="2">
    <subfield code="a">Walton, William,</subfield>
    <subfield code="d">1902-</subfield>
    <subfield code="t">Orb and sceptre.</subfield>
  </datafield>
  <datafield tag="700" ind1="1" ind2="2">
    <subfield code="a">Delius, Frederick,</subfield>
    <subfield code="d">1862-1934.</subfield>
    <subfield code="t">Brigg Fair.</subfield>
  </datafield>
  <datafield tag="700" ind1="1" ind2="2">
    <subfield code="a">Grainger, Percy,</subfield>
    <subfield code="d">1882-1961.</subfield>
    <subfield code="t">Molly on the shore.</subfield>
  </datafield>
  <datafield tag="700" ind1="2" ind2="2">
    <subfield code="a">Vaughan Williams, Ralph,</subfield>
    <subfield code="d">1872-1958.</subfield>
    <subfield code="t">Fantasia on Greensleeves.</subfield>
  </datafield>
  <datafield tag="700" ind1="1" ind2="2">
    <subfield code="a">Davies, Peter Maxwell,</subfield>
    <subfield code="d">1934-</subfield>
    <subfield code="t">Orkney wedding, with sunrise.</subfield>
  </datafield>
  <datafield tag="700" ind1="1" ind2="2">
    <subfield code="a">Williams, John,</subfield>
    <subfield code="d">1932-</subfield>
    <subfield code="t">Jane Eyre.</subfield>
  </datafield>
  <datafield tag="710" ind1="2" ind2=" ">
    <subfield code="a">Bay State Pipes and Drums.</subfield>
    <subfield code="4">itr</subfield>
  </datafield>
  <datafield tag="740" ind1="0" ind2="2">
    <subfield code="a">Danny boy.</subfield>
  </datafield>
  <datafield tag="740" ind1="0" ind2="2">
    <subfield code="a">Scotland the brave.</subfield>
  </datafield>
  <datafield tag="985" ind1=" " ind2=" ">
    <subfield code="c">OCLC</subfield>
    <subfield code="e">Claimed Recordings</subfield>
  </datafield>
</record>