
<record>
  <leader>01366cam a2200349 a 4500</leader>
  <controlfield tag="001">1492397</controlfield>
  <controlfield tag="005">20000328110922.0</controlfield>
  <controlfield tag="008">880420s1988    nyuaf  j      000 1 eng  </controlfield>
  <datafield tag="035" ind1=" " ind2=" ">
    <subfield code="9">(DLC)   88012594</subfield>
  </datafield>
  <datafield tag="906" ind1=" " ind2=" ">
    <subfield code="a">7</subfield>
    <subfield code="b">cbc</subfield>
    <subfield code="c">orignew</subfield>
    <subfield code="d">1</subfield>
    <subfield code="e">ocip</subfield>
    <subfield code="f">19</subfield>
    <subfield code="g">y-gencatlg</subfield>
  </datafield>
  <datafield tag="010" ind1=" " ind2=" ">
    <subfield code="a">   88012594 </subfield>
  </datafield>
  <datafield tag="040" ind1=" " ind2=" ">
    <subfield code="a">DLC</subfield>
    <subfield code="c">DLC</subfield>
    <subfield code="d">DLC</subfield>
    <subfield code="d">OCoLC</subfield>
    <subfield code="d">DLC</subfield>
  </datafield>
  <datafield tag="042" ind1=" " ind2=" ">
    <subfield code="a">lcac</subfield>
  </datafield>
  <datafield tag="043" ind1=" " ind2=" ">
    <subfield code="a">e-uk-en</subfield>
  </datafield>
  <datafield tag="050" ind1="0" ind2="0">
    <subfield code="a">PR4167</subfield>
    <subfield code="b">.J3 1988</subfield>
  </datafield>
  <datafield tag="082" ind1="0" ind2="0">
    <subfield code="a">823/.8</subfield>
    <subfield code="a">Fic</subfield>
    <subfield code="2">19</subfield>
  </datafield>
  <datafield tag="100" ind1="1" ind2=" ">
    <subfield code="a">Brontë, Charlotte,</subfield>
    <subfield code="d">1816-1855.</subfield>
  </datafield>
  <datafield tag="245" ind1="1" ind2="0">
    <subfield code="a">Jane Eyre /</subfield>
    <subfield code="c">Charlotte Brontë ; illustrated in color by Monro S. Orr.</subfield>
  </datafield>
  <datafield tag="260" ind1=" " ind2=" ">
    <subfield code="a">New York :</subfield>
    <subfield code="b">Portland House Illustrated Classics :</subfield>
    <subfield code="b">Distributed by Crown Publishers,</subfield>
    <subfield code="c">1988.</subfield>
  </datafield>
  <datafield tag="300" ind1=" " ind2=" ">
    <subfield code="a">x, 273 p., [8] p. of plates :</subfield>
    <subfield code="b">col. ill. ;</subfield>
    <subfield code="c">25 cm.</subfield>
  </datafield>
  <datafield tag="440" ind1=" " ind2="0">
    <subfield code="a">Portland House illustrated classics</subfield>
  </datafield>
  <datafield tag="520" ind1=" " ind2=" ">
    <subfield code="a">In early nineteenth-century England, an orphaned young woman accepts employment as a governess at Thornfield Hall, a country estate owned by the mysteriously remote Mr. Rochester.</subfield>
  </datafield>
  <datafield tag="650" ind1=" " ind2="0">
    <subfield code="a">Governesses</subfield>
    <subfield code="x">Fiction.</subfield>
  </datafield>
  <datafield tag="650" ind1=" " ind2="0">
    <subfield code="a">Mentally ill women</subfield>
    <subfield code="x">Fiction.</subfield>
  </datafield>
  <datafield tag="651" ind1=" " ind2="0">
    <subfield code="a">England</subfield>
    <subfield code="x">Fiction.</subfield>
  </datafield>
  <datafield tag="650" ind1=" " ind2="1">
    <subfield code="a">Orphans</subfield>
    <subfield code="x">Fiction.</subfield>
  </datafield>
  <datafield tag="650" ind1=" " ind2="1">
    <subfield code="a">Governesses</subfield>
    <subfield code="x">Fiction.</subfield>
  </datafield>
  <datafield tag="651" ind1=" " ind2="1">
    <subfield code="a">England</subfield>
    <subfield code="x">Fiction.</subfield>
  </datafield>
  <datafield tag="655" ind1=" " ind2="7">
    <subfield code="a">Love stories.</subfield>
    <subfield code="2">gsafd</subfield>
  </datafield>
  <datafield tag="655" ind1=" " ind2="7">
    <subfield code="a">Bildungsromane.</subfield>
    <subfield code="2">gsafd</subfield>
  </datafield>
  <datafield tag="700" ind1="1" ind2=" ">
    <subfield code="a">Orr, Monro S.,</subfield>
    <subfield code="e">ill.</subfield>
  </datafield>
  <datafield tag="991" ind1=" " ind2=" ">
    <subfield code="b">c-GenColl</subfield>
    <subfield code="h">PR4167</subfield>
    <subfield code="i">.J3 1988</subfield>
    <subfield code="p">0000495645A</subfield>
    <subfield code="t">Copy 1</subfield>
    <subfield code="w">BOOKS</subfield>
  </datafield>
</record>