
<record>
  <leader>00903nam a2200205u  4500</leader>
  <controlfield tag="001">8704839</controlfield>
  <controlfield tag="005">00000000000000.0</controlfield>
  <controlfield tag="008">821105s1914    enkcf         000 0 eng  </controlfield>
  <datafield tag="035" ind1=" " ind2=" ">
    <subfield code="9">(DLC)   14009886</subfield>
  </datafield>
  <datafield tag="906" ind1=" " ind2=" ">
    <subfield code="a">0</subfield>
    <subfield code="b">cbc</subfield>
    <subfield code="c">premunv</subfield>
    <subfield code="d">u</subfield>
    <subfield code="e">ncip</subfield>
    <subfield code="f">19</subfield>
    <subfield code="g">y-gencatlg</subfield>
  </datafield>
  <datafield tag="010" ind1=" " ind2=" ">
    <subfield code="a">   14009886 </subfield>
  </datafield>
  <datafield tag="040" ind1=" " ind2=" ">
    <subfield code="a">DLC</subfield>
    <subfield code="c">CarP</subfield>
    <subfield code="d">DLC</subfield>
  </datafield>
  <datafield tag="050" ind1="0" ind2="0">
    <subfield code="a">PZ3</subfield>
    <subfield code="b">.K659</subfield>
  </datafield>
  <datafield tag="245" ind1="0" ind2="0">
    <subfield code="a">Kitty Bell,</subfield>
    <subfield code="b">the orphan: possbily an earlier version of Charlotte Brontë&apos;s &quot;Jane Eyre.&quot; </subfield>
  </datafield>
  <datafield tag="260" ind1=" " ind2=" ">
    <subfield code="a">London,</subfield>
    <subfield code="a">New York [etc.]</subfield>
    <subfield code="b">Sir Isaac Pitman &amp; sons, ltd.,</subfield>
    <subfield code="c">1914.</subfield>
  </datafield>
  <datafield tag="300" ind1=" " ind2=" ">
    <subfield code="a">xxviii, 146 p.</subfield>
    <subfield code="b">front. (port.) plates.</subfield>
    <subfield code="c">19 cm.</subfield>
  </datafield>
  <datafield tag="700" ind1="1" ind2=" ">
    <subfield code="a">Brontë, Charlotte,</subfield>
    <subfield code="d">1816-1855, [from old catalog]</subfield>
    <subfield code="e">supposed author.</subfield>
  </datafield>
  <datafield tag="700" ind1="1" ind2=" ">
    <subfield code="a">Sue, Eugène,</subfield>
    <subfield code="c">i.e. Marie Joseph Eugène,</subfield>
    <subfield code="d">1804-1857, [from old catalog]</subfield>
    <subfield code="e">suppsoed author.</subfield>
  </datafield>
  <datafield tag="700" ind1="1" ind2=" ">
    <subfield code="a">Chadwick, Esther Alice,</subfield>
    <subfield code="c">&quot;Mrs. E. H. Chadwick,&quot; [from old catalog]</subfield>
    <subfield code="e">ed.</subfield>
  </datafield>
  <datafield tag="991" ind1=" " ind2=" ">
    <subfield code="b">c-GenColl</subfield>
    <subfield code="h">PZ3</subfield>
    <subfield code="i">.K659</subfield>
    <subfield code="p">00021918416</subfield>
    <subfield code="t">Copy 1</subfield>
    <subfield code="w">PREM</subfield>
  </datafield>
</record>