
<record>
  <leader>03639cam a2200409 a 4500</leader>
  <controlfield tag="001">3039291</controlfield>
  <controlfield tag="005">19990203195057.0</controlfield>
  <controlfield tag="008">950315s1994    sp a     b   s100 0 spa  </controlfield>
  <datafield tag="035" ind1=" " ind2=" ">
    <subfield code="9">(DLC)   95127497</subfield>
  </datafield>
  <datafield tag="906" ind1=" " ind2=" ">
    <subfield code="a">7</subfield>
    <subfield code="b">cbc</subfield>
    <subfield code="c">orignew</subfield>
    <subfield code="d">3</subfield>
    <subfield code="e">ncip</subfield>
    <subfield code="f">19</subfield>
    <subfield code="g">y-gencatlg</subfield>
  </datafield>
  <datafield tag="955" ind1=" " ind2=" ">
    <subfield code="a">ud07 to hlcd 03-15-95; lc09 (desc.) 12-14-98 to HLCD Anglo for subject 12-15-98; lh06 12-17-98; lj12 12-18-98</subfield>
  </datafield>
  <datafield tag="010" ind1=" " ind2=" ">
    <subfield code="a">   95127497 </subfield>
  </datafield>
  <datafield tag="020" ind1=" " ind2=" ">
    <subfield code="a">847847272X</subfield>
  </datafield>
  <datafield tag="035" ind1=" " ind2=" ">
    <subfield code="a">(SpBaP)pu 950000891</subfield>
  </datafield>
  <datafield tag="040" ind1=" " ind2=" ">
    <subfield code="a">DLC</subfield>
    <subfield code="c">DLC</subfield>
    <subfield code="d">DLC</subfield>
  </datafield>
  <datafield tag="043" ind1=" " ind2=" ">
    <subfield code="a">n-us---</subfield>
    <subfield code="a">e-uk---</subfield>
    <subfield code="a">e-gx---</subfield>
  </datafield>
  <datafield tag="050" ind1="0" ind2="0">
    <subfield code="a">PR115</subfield>
    <subfield code="b">.C66 1994</subfield>
  </datafield>
  <datafield tag="082" ind1="0" ind2="0">
    <subfield code="a">820.9/9287/09034</subfield>
    <subfield code="2">21</subfield>
  </datafield>
  <datafield tag="245" ind1="0" ind2="0">
    <subfield code="a">Como mujeres-- :</subfield>
    <subfield code="b">releyendo a escritoras del XIX y XX /</subfield>
    <subfield code="c">coordinación, Isabel Carrera Suárez, María Socorro Suárez Lafuente.</subfield>
  </datafield>
  <datafield tag="260" ind1=" " ind2=" ">
    <subfield code="a">[Oviedo, Spain?] :</subfield>
    <subfield code="b">Principado de Asturias, Consejería de Educación, Cultura, Deportes y Juventud, Dirección Regional de la Mujer,</subfield>
    <subfield code="c">[1994?]</subfield>
  </datafield>
  <datafield tag="300" ind1=" " ind2=" ">
    <subfield code="a">210 p. :</subfield>
    <subfield code="b">ill. ;</subfield>
    <subfield code="c">24 cm.</subfield>
  </datafield>
  <datafield tag="504" ind1=" " ind2=" ">
    <subfield code="a">Includes bibliographical references.</subfield>
  </datafield>
  <datafield tag="505" ind1="0" ind2=" ">
    <subfield code="a">Mary Shelley / Elizabeth Russell -- El viaje interior de &quot;Jane Eyre y su afirmación como mujer de Charlotte Bronté / María del Carmen Rodríguez Fernández -- El angel del hogar ha muerto : Perkins Gilman y &quot;El papel de pared amarillo&quot; / María Sofía López Rodríguez -- El difícil tránsito de &quot;Angel de la casa&quot; a ave en libertad : la dureza del despertar de Kate Chopin / María Socorro Suárez Lafuente -- Nuestro nombre es legión : Radcliffe Hall y &quot;El pozo de la soledad&quot; / Marta Sofía López Rodríguez -- Leonora Carrington / María Loredo Fernández -- La libertad imposible de una mujer del siglo XVI : Ana de Mendoza, &quot;esa dama&quot; de Kate O&apos;Brien / María Socorro Suárez Lafuente -- Autobiografía, género y raza : &quot;Lady sings the blues&quot; de Billie Holiday / María Belén Martín Lucas -- La locura heredada : &quot;Ancho mar de los Sargazos de Jean Rhys / Isabel Carrera Suárez</subfield>
  </datafield>
  <datafield tag="505" ind1="0" ind2=" ">
    <subfield code="a">Las diversas formas de matar o &quot;Malina&quot; de Ingeborg Bachmann / Margarita Blanco Hölscher -- La lucha &quot;mujerista&quot; por la voz y la independencia en &quot;El color púrpura&quot; de Alice Walker / Esther Alvarez López -- La supervivencia en la palabra : Un ángel en mi mesa&quot; de Janet Frame / Isabel Carrera Suárez -- De madres a hijas : &quot;Entre mujeres&quot; de Waltraud Anna Mitgutsch / Margarita Blanco Hölscher -- Mi madre, yo misma : &quot;Annie John&quot; de Jamaica Kincaid / Ana María Bringas López -- Vínculos indestructibles : las relaciones madre-hija en &quot;El club de la Buena Estrella de Amy Tan / Esther Alvarez López -- Melusina / María del Carmen Rodríguez Fernández -- Exilo e identidad feminina en el Caribe : &quot;Lucy&quot; de Jamaica Kincaid / Ana María Bringas López -- Nunca más un hombre / Marina Mayoral.</subfield>
  </datafield>
  <datafield tag="650" ind1=" " ind2="0">
    <subfield code="a">English literature</subfield>
    <subfield code="x">Women authors</subfield>
    <subfield code="x">History and criticism</subfield>
    <subfield code="x">Congresses.</subfield>
  </datafield>
  <datafield tag="650" ind1=" " ind2="0">
    <subfield code="a">Women and literature</subfield>
    <subfield code="z">Great Britain</subfield>
    <subfield code="x">History</subfield>
    <subfield code="y">19th century</subfield>
    <subfield code="x">Congresses.</subfield>
  </datafield>
  <datafield tag="650" ind1=" " ind2="0">
    <subfield code="a">Women and literature</subfield>
    <subfield code="z">Great Britain</subfield>
    <subfield code="x">History</subfield>
    <subfield code="y">20th century</subfield>
    <subfield code="x">Congresses.</subfield>
  </datafield>
  <datafield tag="650" ind1=" " ind2="0">
    <subfield code="a">American literature</subfield>
    <subfield code="x">Women authors</subfield>
    <subfield code="x">History and criticism</subfield>
    <subfield code="x">Congresses.</subfield>
  </datafield>
  <datafield tag="650" ind1=" " ind2="0">
    <subfield code="a">German literature</subfield>
    <subfield code="x">Women authors</subfield>
    <subfield code="x">History and criticism</subfield>
    <subfield code="x">Congresses.</subfield>
  </datafield>
  <datafield tag="650" ind1=" " ind2="0">
    <subfield code="a">Women and literature</subfield>
    <subfield code="z">United States</subfield>
    <subfield code="x">History</subfield>
    <subfield code="x">Congresses.</subfield>
  </datafield>
  <datafield tag="650" ind1=" " ind2="0">
    <subfield code="a">Women and literature</subfield>
    <subfield code="z">Germany</subfield>
    <subfield code="x">History</subfield>
    <subfield code="x">Congresses.</subfield>
  </datafield>
  <datafield tag="700" ind1="2" ind2=" ">
    <subfield code="a">Carrera Suárez, Isabel.</subfield>
  </datafield>
  <datafield tag="700" ind1="2" ind2=" ">
    <subfield code="a">Suárez Lafuente, María Socorro.</subfield>
  </datafield>
  <datafield tag="710" ind1="2" ind2=" ">
    <subfield code="a">Universidad de Oviedo.</subfield>
  </datafield>
  <datafield tag="711" ind1="2" ind2=" ">
    <subfield code="a">Seminario Permanente &quot;Mujer y Literatura&quot;</subfield>
    <subfield code="d">(1986-1987 :</subfield>
    <subfield code="c">Universidad de Oviedo)</subfield>
  </datafield>
  <datafield tag="922" ind1=" " ind2=" ">
    <subfield code="a">ap</subfield>
  </datafield>
  <datafield tag="991" ind1=" " ind2=" ">
    <subfield code="b">c-GenColl</subfield>
    <subfield code="h">PR115</subfield>
    <subfield code="i">.C66 1994</subfield>
    <subfield code="t">Copy 1</subfield>
    <subfield code="w">BOOKS</subfield>
  </datafield>
</record>