
<record>
  <leader>02528cam a2200433 a 4500</leader>
  <controlfield tag="001">3377850</controlfield>
  <controlfield tag="005">19880216000000.0</controlfield>
  <controlfield tag="008">871022s1987    gw       b    000 0 ger  </controlfield>
  <datafield tag="035" ind1=" " ind2=" ">
    <subfield code="9">(DLC)   87420206</subfield>
  </datafield>
  <datafield tag="906" ind1=" " ind2=" ">
    <subfield code="a">7</subfield>
    <subfield code="b">cbc</subfield>
    <subfield code="c">orignew</subfield>
    <subfield code="d">2</subfield>
    <subfield code="e">ncip</subfield>
    <subfield code="f">19</subfield>
    <subfield code="g">y-gencatlg</subfield>
  </datafield>
  <datafield tag="010" ind1=" " ind2=" ">
    <subfield code="a">   87420206 </subfield>
  </datafield>
  <datafield tag="020" ind1=" " ind2=" ">
    <subfield code="a">3820401776</subfield>
  </datafield>
  <datafield tag="040" ind1=" " ind2=" ">
    <subfield code="a">DLC</subfield>
    <subfield code="c">DLC</subfield>
    <subfield code="d">DLC</subfield>
  </datafield>
  <datafield tag="041" ind1="0" ind2=" ">
    <subfield code="a">gereng</subfield>
  </datafield>
  <datafield tag="043" ind1=" " ind2=" ">
    <subfield code="a">e-uk---</subfield>
  </datafield>
  <datafield tag="050" ind1="0" ind2="0">
    <subfield code="a">PR468.R33</subfield>
    <subfield code="b">R33 1987</subfield>
  </datafield>
  <datafield tag="082" ind1="0" ind2="0">
    <subfield code="a">823/.8/09355</subfield>
    <subfield code="2">19</subfield>
  </datafield>
  <datafield tag="245" ind1="0" ind2="0">
    <subfield code="a">Radikalismus in Literatur und Gesellschaft des 19. Jahrhunderts /</subfield>
    <subfield code="c">Gregory Claeys, Liselotte Glage (Hrsg.).</subfield>
  </datafield>
  <datafield tag="260" ind1=" " ind2=" ">
    <subfield code="a">Frankfurt am Main ;</subfield>
    <subfield code="a">New York :</subfield>
    <subfield code="b">P. Lang,</subfield>
    <subfield code="c">c1987.</subfield>
  </datafield>
  <datafield tag="300" ind1=" " ind2=" ">
    <subfield code="a">316 p. ;</subfield>
    <subfield code="c">21 cm.</subfield>
  </datafield>
  <datafield tag="490" ind1="1" ind2=" ">
    <subfield code="a">Aspekte der englischen Geistes- und Kulturgeschichte,</subfield>
    <subfield code="x">0724-486X ;</subfield>
    <subfield code="v">Bd. 11 =</subfield>
    <subfield code="a">Aspects of English intellectual, cultural, and literary history</subfield>
  </datafield>
  <datafield tag="500" ind1=" " ind2=" ">
    <subfield code="a">German and English.</subfield>
  </datafield>
  <datafield tag="500" ind1=" " ind2=" ">
    <subfield code="a">A series of lectures sponsored by the Englisches Seminar, Universität Hannover.</subfield>
  </datafield>
  <datafield tag="504" ind1=" " ind2=" ">
    <subfield code="a">Includes bibliographies.</subfield>
  </datafield>
  <datafield tag="505" ind1="0" ind2=" ">
    <subfield code="a">Radicalism and society in nineteenth century Britain / Gregory Claeys -- Radikalismus im Ausland / Christine Lattek -- Radikalismus im Melodrama des 19. Jahrhunderts / Hartmut Ilsemann -- Der romantische Sozialroman als Paradigma des art social / Reinhold Grimm -- Thomas Martin Wheeler und Margaret Harkness / Dorothee Beckhoff -- Radicalism and traditionalism in Harriet Beecher Stowe&apos;s Uncle Tom&apos;s Cabin / Wendy Rader-Konofalski -- Charlotte Brontë&apos;s Jane Eyre / Gerd Birkner -- Die Radikalität der Bilder / Anna Maria Stuby -- Was ist radikal an George Eliot&apos;s Roman Felix Holt, the Radical? / Liselotte Glage -- Radikalismus in konservativen Händen / Ricarda Schmidt -- Gerard Manley Hopkins / Verena Olejniczak -- Prometheus Proletariat? / Martin Rector.</subfield>
  </datafield>
  <datafield tag="650" ind1=" " ind2="0">
    <subfield code="a">English literature</subfield>
    <subfield code="y">19th century</subfield>
    <subfield code="x">History and criticism.</subfield>
  </datafield>
  <datafield tag="650" ind1=" " ind2="0">
    <subfield code="a">Radicalism in literature.</subfield>
  </datafield>
  <datafield tag="650" ind1=" " ind2="0">
    <subfield code="a">Socialism in literature.</subfield>
  </datafield>
  <datafield tag="650" ind1=" " ind2="0">
    <subfield code="a">Social problems in literature.</subfield>
  </datafield>
  <datafield tag="650" ind1=" " ind2="0">
    <subfield code="a">Literature and society</subfield>
    <subfield code="z">Great Britain</subfield>
    <subfield code="x">History</subfield>
    <subfield code="y">19th century.</subfield>
  </datafield>
  <datafield tag="650" ind1=" " ind2="0">
    <subfield code="a">Radicalism</subfield>
    <subfield code="z">Great Britain</subfield>
    <subfield code="x">History</subfield>
    <subfield code="y">19th century.</subfield>
  </datafield>
  <datafield tag="700" ind1="1" ind2=" ">
    <subfield code="a">Claeys, Gregory.</subfield>
  </datafield>
  <datafield tag="700" ind1="1" ind2=" ">
    <subfield code="a">Glage, Liselotte.</subfield>
  </datafield>
  <datafield tag="710" ind1="2" ind2=" ">
    <subfield code="a">Universität Hannover.</subfield>
    <subfield code="b">Englisches Seminar.</subfield>
  </datafield>
  <datafield tag="830" ind1=" " ind2="0">
    <subfield code="a">Aspekte der englischen Geistes- und Kulturgeschichte ;</subfield>
    <subfield code="v">Bd. 11.</subfield>
  </datafield>
  <datafield tag="952" ind1=" " ind2=" ">
    <subfield code="a">SOURCE:cf</subfield>
  </datafield>
  <datafield tag="952" ind1=" " ind2=" ">
    <subfield code="a">unbound</subfield>
  </datafield>
  <datafield tag="952" ind1=" " ind2=" ">
    <subfield code="a">ep32 10-22-87; ec29/ec31 to SCD 12-03-87; fc14 12-11-87; fr29 02-04-88; fp20 02-09-88</subfield>
  </datafield>
  <datafield tag="991" ind1=" " ind2=" ">
    <subfield code="b">c-GenColl</subfield>
    <subfield code="h">PR468.R33</subfield>
    <subfield code="i">R33 1987</subfield>
    <subfield code="t">Copy 1</subfield>
    <subfield code="w">BOOKS</subfield>
  </datafield>
</record>