
<record>
  <leader>02368cam a2200289 a 4500</leader>
  <controlfield tag="001">2995618</controlfield>
  <controlfield tag="005">19931118102021.2</controlfield>
  <controlfield tag="008">930311r19931979ilu      b    001 0 eng  </controlfield>
  <datafield tag="035" ind1=" " ind2=" ">
    <subfield code="9">(DLC)   93010197</subfield>
  </datafield>
  <datafield tag="906" ind1=" " ind2=" ">
    <subfield code="a">7</subfield>
    <subfield code="b">cbc</subfield>
    <subfield code="c">orignew</subfield>
    <subfield code="d">1</subfield>
    <subfield code="e">ocip</subfield>
    <subfield code="f">19</subfield>
    <subfield code="g">y-gencatlg</subfield>
  </datafield>
  <datafield tag="955" ind1=" " ind2=" ">
    <subfield code="a">pc14 to la00 03-11-93; lg02 to lg07 03-12-93; lg07 to lg11 03-22-93; lg11 03-23-93;aa03 3-25-93; CIP ver. lg02 to SL 09-09-93</subfield>
  </datafield>
  <datafield tag="010" ind1=" " ind2=" ">
    <subfield code="a">   93010197 </subfield>
  </datafield>
  <datafield tag="020" ind1=" " ind2=" ">
    <subfield code="a">0226400638</subfield>
  </datafield>
  <datafield tag="040" ind1=" " ind2=" ">
    <subfield code="a">DLC</subfield>
    <subfield code="c">DLC</subfield>
    <subfield code="d">DLC</subfield>
  </datafield>
  <datafield tag="050" ind1="0" ind2="0">
    <subfield code="a">PN98.W64</subfield>
    <subfield code="b">R48 1993</subfield>
  </datafield>
  <datafield tag="082" ind1="0" ind2="0">
    <subfield code="a">809/.89287</subfield>
    <subfield code="2">20</subfield>
  </datafield>
  <datafield tag="245" ind1="0" ind2="0">
    <subfield code="a">Revising the word and the world :</subfield>
    <subfield code="b">essays in feminist literary criticism /</subfield>
    <subfield code="c">edited by VèVè A. Clark, Ruth-Ellen B. Joeres, &amp; Madelon Sprengnether.</subfield>
  </datafield>
  <datafield tag="260" ind1=" " ind2=" ">
    <subfield code="a">Chicago :</subfield>
    <subfield code="b">University of Chicago Press,</subfield>
    <subfield code="c">1993.</subfield>
  </datafield>
  <datafield tag="300" ind1=" " ind2=" ">
    <subfield code="a">vi, 303 p. ;</subfield>
    <subfield code="c">24 cm.</subfield>
  </datafield>
  <datafield tag="500" ind1=" " ind2=" ">
    <subfield code="a">Collection of articles which appeared originally in Signs, journal of women in culture and society between 1979 and 1993.</subfield>
  </datafield>
  <datafield tag="504" ind1=" " ind2=" ">
    <subfield code="a">Includes bibliographical references and index.</subfield>
  </datafield>
  <datafield tag="505" ind1="0" ind2=" ">
    <subfield code="a">An interview with Audre Lorde / Audre Lorde and Adrienne Rich -- An interview with Simone de Beauvoir/ Simone de Beauvoir and Alice Jardine -- An interview with  Carmen Naranjo : women and Latin American literature / Carmen Naranjo and Lourdes Arizpe -- Postmodernism and gender relations in feminist theory / by Jane Flax -- African-American women&apos;s history and the metalanguage of race / by Evelyn Brooks Higginbotham -- Critical clitoridectomy : female sexual imagery and feminist psychological theory / by Paula Bennett -- No lost paradise : social gender and symbolic gender in the writings of Maxine Hong Kingston / by Leslie W. Rabine -- The sultan and the slave : feminist orientalism and the structure of Jane Eyre / by Jocye Zonana -- Dancing out the difference : cultural imperialism and Ruth St. Denis&apos;s &quot;Radha&quot; of 1906 / by Jane Desmond -- Poetry as a strategy of power : the case of Riffian Berber women / by Terri Brint Joseph -- Womanism : the dynamics of the contemporary black female novel in English / by Chikwenye Okonjo Ogunyemi -- Narrative of community : the identification of a genre / by Sandra A. Zagarell.</subfield>
  </datafield>
  <datafield tag="650" ind1=" " ind2="0">
    <subfield code="a">Feminist literary criticism.</subfield>
  </datafield>
  <datafield tag="700" ind1="1" ind2=" ">
    <subfield code="a">Clark, Vèvè A.</subfield>
  </datafield>
  <datafield tag="700" ind1="1" ind2=" ">
    <subfield code="a">Joeres, Ruth-Ellen B.,</subfield>
    <subfield code="d">1939-</subfield>
  </datafield>
  <datafield tag="700" ind1="1" ind2=" ">
    <subfield code="a">Sprengnether, Madelon.</subfield>
  </datafield>
  <datafield tag="991" ind1=" " ind2=" ">
    <subfield code="b">c-GenColl</subfield>
    <subfield code="h">PN98.W64</subfield>
    <subfield code="i">R48 1993</subfield>
    <subfield code="p">00013818666</subfield>
    <subfield code="t">Copy 1</subfield>
    <subfield code="w">BOOKS</subfield>
  </datafield>
</record>