
<record>
  <leader>01166cgm a22002775a 4500</leader>
  <controlfield tag="001">11702209</controlfield>
  <controlfield tag="005">20020311134314.0</controlfield>
  <controlfield tag="007">m| ||||||||||||||------</controlfield>
  <controlfield tag="008">970826s1997    xx                mlund  </controlfield>
  <datafield tag="035" ind1=" " ind2=" ">
    <subfield code="9">(DLC)   97515088</subfield>
  </datafield>
  <datafield tag="906" ind1=" " ind2=" ">
    <subfield code="a">0</subfield>
    <subfield code="b">ibc</subfield>
    <subfield code="c">orignew</subfield>
    <subfield code="d">u</subfield>
    <subfield code="e">ncip</subfield>
    <subfield code="f">19</subfield>
    <subfield code="g">y-movingim</subfield>
  </datafield>
  <datafield tag="010" ind1=" " ind2=" ">
    <subfield code="a">   97515088 </subfield>
  </datafield>
  <datafield tag="017" ind1=" " ind2=" ">
    <subfield code="a">PA807-758</subfield>
    <subfield code="b">U.S. Copyright Office</subfield>
  </datafield>
  <datafield tag="040" ind1=" " ind2=" ">
    <subfield code="a">DLC</subfield>
    <subfield code="c">DLC</subfield>
    <subfield code="e">amim</subfield>
  </datafield>
  <datafield tag="050" ind1="0" ind2="0">
    <subfield code="a">CGC 5342-5347 (ref print)</subfield>
  </datafield>
  <datafield tag="245" ind1="0" ind2="0">
    <subfield code="a">Jane Eyre /</subfield>
    <subfield code="c">a British-Italian-French co-production, a Dyson Lovell, Riccardo Tozzi production ; directed by Franco Zeffirelli.</subfield>
  </datafield>
  <datafield tag="260" ind1=" " ind2=" ">
    <subfield code="c">1996.</subfield>
  </datafield>
  <datafield tag="300" ind1=" " ind2=" ">
    <subfield code="a">12 reels of 12 on 6 :</subfield>
    <subfield code="b">sd., col. ;</subfield>
    <subfield code="c">35 mm. ref print.</subfield>
  </datafield>
  <datafield tag="500" ind1=" " ind2=" ">
    <subfield code="a">Copyright: Rochester Films, Ltd. NM: all other cinematographic material. DCR 1995; PUB 5Apr96; REG 22Aug96; PA807-758.</subfield>
  </datafield>
  <datafield tag="500" ind1=" " ind2=" ">
    <subfield code="a">Source used: copyright data base.</subfield>
  </datafield>
  <datafield tag="541" ind1=" " ind2=" ">
    <subfield code="d">Received: 8/12/97;</subfield>
    <subfield code="3">ref print;</subfield>
    <subfield code="c">copyright deposit--MPA;</subfield>
    <subfield code="a">Copyright Collection.</subfield>
  </datafield>
  <datafield tag="650" ind1=" " ind2="0">
    <subfield code="a">Eyre, Jane (Fictitious character)</subfield>
    <subfield code="v">Drama.</subfield>
  </datafield>
  <datafield tag="650" ind1=" " ind2="0">
    <subfield code="a">Governesses</subfield>
    <subfield code="v">Drama.</subfield>
  </datafield>
  <datafield tag="710" ind1="2" ind2=" ">
    <subfield code="a">Copyright Collection (Library of Congress)</subfield>
    <subfield code="5">DLC</subfield>
  </datafield>
  <datafield tag="953" ind1=" " ind2=" ">
    <subfield code="a">TE01</subfield>
  </datafield>
  <datafield tag="991" ind1=" " ind2=" ">
    <subfield code="b">c-MP&amp;TV</subfield>
    <subfield code="h">CGC 5342-5347 (ref print)</subfield>
    <subfield code="w">MUMS VM File</subfield>
  </datafield>
</record>