
<record>
  <leader>01689cgm a22003015a 4500</leader>
  <controlfield tag="001">12010432</controlfield>
  <controlfield tag="005">20000629162628.0</controlfield>
  <controlfield tag="007">v</controlfield>
  <controlfield tag="008">000516s1998    xxu030            vleng  </controlfield>
  <datafield tag="906" ind1=" " ind2=" ">
    <subfield code="a">0</subfield>
    <subfield code="b">ibc</subfield>
    <subfield code="c">orignew</subfield>
    <subfield code="d">u</subfield>
    <subfield code="e">ncip</subfield>
    <subfield code="f">20</subfield>
    <subfield code="g">y-movingim</subfield>
  </datafield>
  <datafield tag="010" ind1=" " ind2=" ">
    <subfield code="a">   00564452 </subfield>
  </datafield>
  <datafield tag="017" ind1=" " ind2=" ">
    <subfield code="a">PA937-412</subfield>
    <subfield code="b">U.S. Copyright Office</subfield>
  </datafield>
  <datafield tag="040" ind1=" " ind2=" ">
    <subfield code="a">DLC</subfield>
    <subfield code="c">DLC</subfield>
    <subfield code="d">DLC</subfield>
    <subfield code="e">amim</subfield>
  </datafield>
  <datafield tag="050" ind1="0" ind2="0">
    <subfield code="a">VBP 5359 (viewing copy)</subfield>
  </datafield>
  <datafield tag="245" ind1="0" ind2="0">
    <subfield code="a">King of Queens.</subfield>
    <subfield code="p">Educating Doug /</subfield>
    <subfield code="c">directed by Rob Schiller ; written by Cathy Yuspa, Josh Goldsmith.</subfield>
  </datafield>
  <datafield tag="246" ind1="3" ind2="0">
    <subfield code="a">Educating Doug</subfield>
  </datafield>
  <datafield tag="257" ind1=" " ind2=" ">
    <subfield code="a">U.S.</subfield>
  </datafield>
  <datafield tag="260" ind1=" " ind2=" ">
    <subfield code="a">United States :</subfield>
    <subfield code="b">CBS-TV,</subfield>
    <subfield code="c">1998.</subfield>
  </datafield>
  <datafield tag="300" ind1=" " ind2=" ">
    <subfield code="a">1 videocassette of 1 (ca. 30 min.) :</subfield>
    <subfield code="b">sd., col. ;</subfield>
    <subfield code="c">3/4 in. viewing copy.</subfield>
  </datafield>
  <datafield tag="500" ind1=" " ind2=" ">
    <subfield code="a">Copyright: Columbia TriStar Television, Inc., &amp; CBS Worldwide, Inc. DCR 1998; PUB 9Nov98; REG 16Jul99; PA937-412.</subfield>
  </datafield>
  <datafield tag="500" ind1=" " ind2=" ">
    <subfield code="a">Number 108.</subfield>
  </datafield>
  <datafield tag="511" ind1="1" ind2=" ">
    <subfield code="a">Kevin James, Leah Remini, Jerry Stiller.</subfield>
  </datafield>
  <datafield tag="520" ind1=" " ind2=" ">
    <subfield code="a">Carrie, afraid that their marriage has gotten boring, signs them up for a class at the community college. Thinking that will make them more intellectual, she chooses a class on the Victorian novel. As she delves into Jane Eyre with relish, Doug can&apos;t even get through the Cliffs Notes. To make matters worse, Doug feels that he has to pretend to enjoy the book, the class and becoming educated -- basically everything he hates.</subfield>
  </datafield>
  <datafield tag="500" ind1=" " ind2=" ">
    <subfield code="a">Summary taken from Baseline data base.</subfield>
  </datafield>
  <datafield tag="500" ind1=" " ind2=" ">
    <subfield code="a">Sources used: copyright data base; Baseline data base, November 12, 1998.</subfield>
  </datafield>
  <datafield tag="541" ind1=" " ind2=" ">
    <subfield code="d">Received: 8/23/1999;</subfield>
    <subfield code="3">viewing copy;</subfield>
    <subfield code="c">copyright deposit--RNR;</subfield>
    <subfield code="a">Copyright Collection.</subfield>
  </datafield>
  <datafield tag="655" ind1=" " ind2="7">
    <subfield code="a">Situation comedy</subfield>
    <subfield code="v">Television series.</subfield>
    <subfield code="2">migfg</subfield>
  </datafield>
  <datafield tag="710" ind1="2" ind2=" ">
    <subfield code="a">Copyright Collection (Library of Congress)</subfield>
    <subfield code="5">DLC</subfield>
  </datafield>
</record>