
<record>
  <leader>02738cam a2200397 a 4500</leader>
  <controlfield tag="001">3481789</controlfield>
  <controlfield tag="005">19941214124721.1</controlfield>
  <controlfield tag="008">931208s1993    pau           000 0 eng d</controlfield>
  <datafield tag="035" ind1=" " ind2=" ">
    <subfield code="9">(DLC)   93240896</subfield>
  </datafield>
  <datafield tag="906" ind1=" " ind2=" ">
    <subfield code="a">7</subfield>
    <subfield code="b">cbc</subfield>
    <subfield code="c">copycat</subfield>
    <subfield code="d">2</subfield>
    <subfield code="e">ncip</subfield>
    <subfield code="f">19</subfield>
    <subfield code="g">y-gencatlg</subfield>
  </datafield>
  <datafield tag="955" ind1=" " ind2=" ">
    <subfield code="a">pb18 10-14-93; ce08 12-08-93 to cat.; jk15 to sl 01-06-94; jk14 to DDC 01-26-94; aa01 03-09-94</subfield>
  </datafield>
  <datafield tag="010" ind1=" " ind2=" ">
    <subfield code="a">   93240896 </subfield>
  </datafield>
  <datafield tag="020" ind1=" " ind2=" ">
    <subfield code="a">0945636318</subfield>
  </datafield>
  <datafield tag="035" ind1=" " ind2=" ">
    <subfield code="a">(OCoLC)27902984</subfield>
  </datafield>
  <datafield tag="040" ind1=" " ind2=" ">
    <subfield code="a">NNF</subfield>
    <subfield code="c">NNF</subfield>
    <subfield code="d">AAP</subfield>
    <subfield code="d">TxGeoS</subfield>
    <subfield code="d">DLC</subfield>
  </datafield>
  <datafield tag="042" ind1=" " ind2=" ">
    <subfield code="a">lccopycat</subfield>
  </datafield>
  <datafield tag="050" ind1="0" ind2="0">
    <subfield code="a">NX180.F4</subfield>
    <subfield code="b">G45 1993</subfield>
  </datafield>
  <datafield tag="082" ind1="0" ind2="0">
    <subfield code="a">700/.1/03</subfield>
    <subfield code="2">20</subfield>
  </datafield>
  <datafield tag="245" ind1="0" ind2="0">
    <subfield code="a">Gender, culture, and the arts :</subfield>
    <subfield code="b">women, the arts, and society /</subfield>
    <subfield code="c">edited by Ronald Dotterer and Susan Bowers.</subfield>
  </datafield>
  <datafield tag="260" ind1=" " ind2=" ">
    <subfield code="a">Selinsgrove, [Pa.] :</subfield>
    <subfield code="b">Susquehanna University Press ;</subfield>
    <subfield code="a">London ;</subfield>
    <subfield code="a">Cranbury, N.J. :</subfield>
    <subfield code="b">Associated University Presses,</subfield>
    <subfield code="c">c1993.</subfield>
  </datafield>
  <datafield tag="300" ind1=" " ind2=" ">
    <subfield code="a">175 p. ;</subfield>
    <subfield code="c">25 cm.</subfield>
  </datafield>
  <datafield tag="490" ind1="1" ind2=" ">
    <subfield code="a">Susquehanna University studies</subfield>
  </datafield>
  <datafield tag="500" ind1=" " ind2=" ">
    <subfield code="a">Papers selected from presentations made at a Conference on Women, the Arts, and Society, held at Susquehanna University, Nov. 3-5, 1988 and sponsored by the University and Susquehanna University studies.--cf. Pref.</subfield>
  </datafield>
  <datafield tag="504" ind1=" " ind2=" ">
    <subfield code="a">Includes bibliographical references and index.</subfield>
  </datafield>
  <datafield tag="505" ind1="0" ind2=" ">
    <subfield code="a">Preface / Ronald Dotterer and Susan Bowers -- The Poetics of women&apos;s writing: dramatic tragedy / Merope Pavlides -- The cult of Mary compared with ancient mother goddesses / W. Patrick O&apos;Neill -- A feminist prolegomenon for the study of Hildegard of Bingen / Marilyn R. Mumford -- Goddess embroideries of Easter Europe / Mary B. Kelly -- The &quot;solitary philosopher&quot; and &quot;nature&apos;s favourites&quot;: gender and identity in The Rambler / Sara B. Varhus -- Jane eyre: the ascent of woman / Sue Ann Betsinger -- Angels, money, and ghosts: Victorian female writers of the supernatural / Vaness D. Dickerson -- Women poets of the Harlem renaissance / T. J. Bryan -- From futurism to feminism: the poetry of Mina Loy / Lisa Ress -- &quot;I have heard the spinning woman of the sky&quot;: Alice Corbin, poet and art critic (1881-1949) / Benay Blend -- Singing to the beat of their own drum: Dominican women poets in the 80s: an introduction / Daisy C. De Filippis -- Women in music academia: a statistical and humanistic analysis / Rhea Jezer.</subfield>
  </datafield>
  <datafield tag="650" ind1=" " ind2="0">
    <subfield code="a">Feminism and the arts</subfield>
    <subfield code="x">Congresses.</subfield>
  </datafield>
  <datafield tag="650" ind1=" " ind2="0">
    <subfield code="a">Women in art.</subfield>
  </datafield>
  <datafield tag="650" ind1=" " ind2="0">
    <subfield code="a">Women in literature.</subfield>
  </datafield>
  <datafield tag="650" ind1=" " ind2="0">
    <subfield code="a">Women authors.</subfield>
  </datafield>
  <datafield tag="700" ind1="1" ind2=" ">
    <subfield code="a">Dotterer, Ronald L.,</subfield>
    <subfield code="d">1948-</subfield>
  </datafield>
  <datafield tag="700" ind1="1" ind2=" ">
    <subfield code="a">Bowers, Susan.</subfield>
  </datafield>
  <datafield tag="711" ind1="2" ind2=" ">
    <subfield code="a">Conference on Women, the Arts, and Society</subfield>
    <subfield code="d">(1988 :</subfield>
    <subfield code="c">Susquehanna University)</subfield>
  </datafield>
  <datafield tag="740" ind1="0" ind2=" ">
    <subfield code="a">Women, the arts, and society.</subfield>
  </datafield>
  <datafield tag="830" ind1=" " ind2="0">
    <subfield code="a">Susquehanna University studies (Unnumbered)</subfield>
  </datafield>
  <datafield tag="922" ind1=" " ind2=" ">
    <subfield code="a">co</subfield>
  </datafield>
  <datafield tag="991" ind1=" " ind2=" ">
    <subfield code="b">c-GenColl</subfield>
    <subfield code="h">NX180.F4</subfield>
    <subfield code="i">G45 1993</subfield>
    <subfield code="p">00039963115</subfield>
    <subfield code="t">Copy 1</subfield>
    <subfield code="w">BOOKS</subfield>
  </datafield>
</record>