
<record>
  <leader>01477cam a2200265   4500</leader>
  <controlfield tag="001">1795955</controlfield>
  <controlfield tag="005">19980121084130.2</controlfield>
  <controlfield tag="008">701117s1970    nju      b    000 0 eng  </controlfield>
  <datafield tag="035" ind1=" " ind2=" ">
    <subfield code="9">(DLC)   78126819</subfield>
  </datafield>
  <datafield tag="906" ind1=" " ind2=" ">
    <subfield code="a">7</subfield>
    <subfield code="b">cbc</subfield>
    <subfield code="c">orignew</subfield>
    <subfield code="d">2</subfield>
    <subfield code="e">ncip</subfield>
    <subfield code="f">19</subfield>
    <subfield code="g">y-gencatlg</subfield>
  </datafield>
  <datafield tag="010" ind1=" " ind2=" ">
    <subfield code="a">   78126819 </subfield>
  </datafield>
  <datafield tag="020" ind1=" " ind2=" ">
    <subfield code="a">0130838993</subfield>
  </datafield>
  <datafield tag="040" ind1=" " ind2=" ">
    <subfield code="a">DLC</subfield>
    <subfield code="c">DLC</subfield>
    <subfield code="d">DLC</subfield>
  </datafield>
  <datafield tag="050" ind1="0" ind2="0">
    <subfield code="a">PR4169</subfield>
    <subfield code="b">.G7</subfield>
  </datafield>
  <datafield tag="082" ind1="0" ind2="0">
    <subfield code="a">823/.8/09</subfield>
  </datafield>
  <datafield tag="100" ind1="1" ind2=" ">
    <subfield code="a">Gregor, Ian,</subfield>
    <subfield code="e">comp.</subfield>
  </datafield>
  <datafield tag="245" ind1="1" ind2="4">
    <subfield code="a">The Brontës; a collection of critical essays.</subfield>
  </datafield>
  <datafield tag="260" ind1=" " ind2=" ">
    <subfield code="a">Englewood Cliffs, N.J.,</subfield>
    <subfield code="b">Prentice-Hall</subfield>
    <subfield code="c">[1970]</subfield>
  </datafield>
  <datafield tag="300" ind1=" " ind2=" ">
    <subfield code="a">vii, 179 p.</subfield>
    <subfield code="c">21 cm.</subfield>
  </datafield>
  <datafield tag="350" ind1=" " ind2=" ">
    <subfield code="a">$5.95</subfield>
  </datafield>
  <datafield tag="490" ind1="0" ind2=" ">
    <subfield code="a">A Spectrum book: Twentieth century views</subfield>
  </datafield>
  <datafield tag="505" ind1="0" ind2=" ">
    <subfield code="a">Introduction, by I. Gregor.--The structure of Wuthering Heights, by C. P. Sanger.--The Brontës: a centennial observance, by R. Chase.--The image of the book in Wuthering Heights, by R. C. McKibben.--Charlotte Brontë as a critic of Wuthering Heights, by P. Drew.--Control of sympathy in Wuthering Heights, by J. Hagan.--The place of love in Jane Eyre and Wuthering Heights, by M. Kinkead-Weekes.--Charlotte Brontë&apos;s &quot;new&quot; Gothic, by R. B. Heilman.--Fire and Eyre: Charlotte Brontë&apos;s war of earthly elements, by D. Lodge.--Charlotte Brontë, the imagination, and Villette, by A. D. Hook.--The other Emily, by D. Donoghue.--Selected bibliography (p. 177-179)</subfield>
  </datafield>
  <datafield tag="600" ind1="3" ind2="0">
    <subfield code="a">Brontë family.</subfield>
  </datafield>
  <datafield tag="650" ind1=" " ind2="0">
    <subfield code="a">English literature</subfield>
    <subfield code="y">19th century</subfield>
    <subfield code="x">History and criticism.</subfield>
  </datafield>
  <datafield tag="991" ind1=" " ind2=" ">
    <subfield code="b">c-GenColl</subfield>
    <subfield code="h">PR4169</subfield>
    <subfield code="i">.G7</subfield>
    <subfield code="t">Copy 1</subfield>
    <subfield code="w">BOOKS</subfield>
  </datafield>
</record>