
<record>
  <leader>01455cam a2200265 a 4500</leader>
  <controlfield tag="001">3279397</controlfield>
  <controlfield tag="005">19910410143946.8</controlfield>
  <controlfield tag="008">821216s1983    enk           000 0 eng  </controlfield>
  <datafield tag="035" ind1=" " ind2=" ">
    <subfield code="9">(DLC)   82024096</subfield>
  </datafield>
  <datafield tag="906" ind1=" " ind2=" ">
    <subfield code="a">7</subfield>
    <subfield code="b">cbc</subfield>
    <subfield code="c">orignew</subfield>
    <subfield code="d">1</subfield>
    <subfield code="e">ocip</subfield>
    <subfield code="f">19</subfield>
    <subfield code="g">y-gencatlg</subfield>
  </datafield>
  <datafield tag="010" ind1=" " ind2=" ">
    <subfield code="a">   82024096 </subfield>
  </datafield>
  <datafield tag="020" ind1=" " ind2=" ">
    <subfield code="a">0710094124 (pbk.) :</subfield>
    <subfield code="c">$9.50</subfield>
  </datafield>
  <datafield tag="040" ind1=" " ind2=" ">
    <subfield code="a">DLC</subfield>
    <subfield code="c">DLC</subfield>
    <subfield code="d">DLC</subfield>
    <subfield code="d">OCoLC</subfield>
  </datafield>
  <datafield tag="043" ind1=" " ind2=" ">
    <subfield code="a">e-uk---</subfield>
  </datafield>
  <datafield tag="050" ind1="0" ind2="0">
    <subfield code="a">PN710</subfield>
    <subfield code="b">.T39 1983</subfield>
  </datafield>
  <datafield tag="082" ind1="0" ind2="0">
    <subfield code="a">809</subfield>
    <subfield code="2">19</subfield>
  </datafield>
  <datafield tag="245" ind1="0" ind2="0">
    <subfield code="a">Teaching the text /</subfield>
    <subfield code="c">edited by Susanne Kappeler and Norman Bryson.</subfield>
  </datafield>
  <datafield tag="260" ind1=" " ind2=" ">
    <subfield code="a">London ;</subfield>
    <subfield code="a">Boston :</subfield>
    <subfield code="b">Routledge &amp; Kegan Paul,</subfield>
    <subfield code="c">1983.</subfield>
  </datafield>
  <datafield tag="300" ind1=" " ind2=" ">
    <subfield code="a">viii, 219 p. ;</subfield>
    <subfield code="c">22 cm.</subfield>
  </datafield>
  <datafield tag="505" ind1="0" ind2=" ">
    <subfield code="a">The public figure and the private eye / John Barrell -- &quot;So truth be in the field&quot; / Colin MacCabe -- History in Robert Musil&apos;s Törless / J.P. Stern -- Of stones and stories / Christopher Prendergast -- Ralph Waldo Emerson / Anita Kermode -- Hawthorne&apos;s illegible letter / Norman Bryson -- Passion, narrative, and identity in Wuthering Heights and Jane Eyre / Tony Tanner -- Writing for silence / Stephen Heath -- Voices of patriarchy / Susanne Kappeler -- &quot;Opinion&quot; in Troilus and Cressida / Frank Kermode -- Monologue in Macbeth / Raymond Williams -- The Duchess of Malfi / Lisa Jardine.</subfield>
  </datafield>
  <datafield tag="650" ind1=" " ind2="0">
    <subfield code="a">Literature</subfield>
    <subfield code="x">History and criticism.</subfield>
  </datafield>
  <datafield tag="650" ind1=" " ind2="0">
    <subfield code="a">English literature</subfield>
    <subfield code="x">History and criticism.</subfield>
  </datafield>
  <datafield tag="700" ind1="1" ind2=" ">
    <subfield code="a">Kappeler, Susanne,</subfield>
    <subfield code="d">1949-</subfield>
  </datafield>
  <datafield tag="700" ind1="1" ind2=" ">
    <subfield code="a">Bryson, Norman,</subfield>
    <subfield code="d">1949-</subfield>
  </datafield>
  <datafield tag="991" ind1=" " ind2=" ">
    <subfield code="b">c-GenColl</subfield>
    <subfield code="h">PN710</subfield>
    <subfield code="i">.T39 1983</subfield>
    <subfield code="t">Copy 1</subfield>
    <subfield code="w">BOOKS</subfield>
  </datafield>
</record>