
<record>
  <leader>01406cam a22002411i 4500</leader>
  <controlfield tag="001">2730040</controlfield>
  <controlfield tag="005">19960911171541.3</controlfield>
  <controlfield tag="008">780202s1975    hu            000 0 hun  </controlfield>
  <datafield tag="035" ind1=" " ind2=" ">
    <subfield code="9">(DLC)   77475697</subfield>
  </datafield>
  <datafield tag="906" ind1=" " ind2=" ">
    <subfield code="a">7</subfield>
    <subfield code="b">cbc</subfield>
    <subfield code="c">orignew</subfield>
    <subfield code="d">u</subfield>
    <subfield code="e">ncip</subfield>
    <subfield code="f">19</subfield>
    <subfield code="g">y-gencatlg</subfield>
  </datafield>
  <datafield tag="010" ind1=" " ind2=" ">
    <subfield code="a">   77475697 </subfield>
  </datafield>
  <datafield tag="020" ind1=" " ind2=" ">
    <subfield code="a">9632700538 :</subfield>
    <subfield code="c">26.50Ft</subfield>
  </datafield>
  <datafield tag="040" ind1=" " ind2=" ">
    <subfield code="a">DLC</subfield>
    <subfield code="c">DLC</subfield>
    <subfield code="d">DLC</subfield>
  </datafield>
  <datafield tag="043" ind1=" " ind2=" ">
    <subfield code="a">e-uk---</subfield>
  </datafield>
  <datafield tag="050" ind1="0" ind2="0">
    <subfield code="a">PR99</subfield>
    <subfield code="b">.K43 1975</subfield>
  </datafield>
  <datafield tag="100" ind1="1" ind2=" ">
    <subfield code="a">Kéry, László,</subfield>
    <subfield code="d">1920-</subfield>
  </datafield>
  <datafield tag="245" ind1="1" ind2="0">
    <subfield code="a">Angol írók :</subfield>
    <subfield code="b">tanulmányok, cikkek /</subfield>
    <subfield code="c">Kéry László.</subfield>
  </datafield>
  <datafield tag="260" ind1=" " ind2=" ">
    <subfield code="a">Budapest :</subfield>
    <subfield code="b">Magvető Könyvkiadó,</subfield>
    <subfield code="c">1975.</subfield>
  </datafield>
  <datafield tag="300" ind1=" " ind2=" ">
    <subfield code="a">408 p. ;</subfield>
    <subfield code="c">19 cm.</subfield>
  </datafield>
  <datafield tag="490" ind1="0" ind2=" ">
    <subfield code="a">Elvek és utak</subfield>
  </datafield>
  <datafield tag="505" ind1="0" ind2=" ">
    <subfield code="a">Shakespeare magyar szemmel.--Néhány szó Shakespeare komikus jellemeiről.--Az abszurd Shakespeare.--A fordítást ellenőrizte: Arany János.--Két Defoe-regény.--Swift.--Fielding.--Fielding és a &quot;Jonathan Wild.&quot;--Sterne &quot;Érzelmes utazás&quot;-a.--Burns.--A &quot;Jane Eyre&quot; és írója.--Samuel Butler és a &quot;Minden testnek útja&quot;.--Thomas Hardy.--E. M. Forster.--Forster szivárványhídja.--Forster hatodik regénye.--A regényiró D. H. Lawrence.--D. H. Lawrence és a &quot;Szivárvány.&quot;--Lady Chatterley szeretője - három változatban.--Az &quot;Ulysses&quot; és írója.--Anthony Powell és &quot;Az idő zenéje&quot;--William Cooper.</subfield>
  </datafield>
  <datafield tag="650" ind1=" " ind2="0">
    <subfield code="a">English literature</subfield>
    <subfield code="x">History and criticism.</subfield>
  </datafield>
  <datafield tag="991" ind1=" " ind2=" ">
    <subfield code="b">c-GenColl</subfield>
    <subfield code="h">PR99</subfield>
    <subfield code="i">.K43 1975</subfield>
    <subfield code="t">Copy 1</subfield>
    <subfield code="w">BOOKS</subfield>
  </datafield>
</record>