
<record>
  <leader>01454cam a22002651  4500</leader>
  <controlfield tag="001">8735247</controlfield>
  <controlfield tag="005">19980421191224.0</controlfield>
  <controlfield tag="008">750814s1926    nyu           000 0 eng  </controlfield>
  <datafield tag="035" ind1=" " ind2=" ">
    <subfield code="9">(DLC)   26011276</subfield>
  </datafield>
  <datafield tag="906" ind1=" " ind2=" ">
    <subfield code="a">7</subfield>
    <subfield code="b">cbc</subfield>
    <subfield code="c">oclcrpl</subfield>
    <subfield code="d">u</subfield>
    <subfield code="e">ncip</subfield>
    <subfield code="f">19</subfield>
    <subfield code="g">y-gencatlg</subfield>
  </datafield>
  <datafield tag="010" ind1=" " ind2=" ">
    <subfield code="a">   26011276 </subfield>
  </datafield>
  <datafield tag="035" ind1=" " ind2=" ">
    <subfield code="a">(OCoLC)1547605</subfield>
  </datafield>
  <datafield tag="040" ind1=" " ind2=" ">
    <subfield code="a">DLC</subfield>
    <subfield code="c">FM</subfield>
    <subfield code="d">OCoLC</subfield>
    <subfield code="d">DLC</subfield>
  </datafield>
  <datafield tag="050" ind1="0" ind2="0">
    <subfield code="a">PR453</subfield>
    <subfield code="b">.M6</subfield>
  </datafield>
  <datafield tag="100" ind1="1" ind2=" ">
    <subfield code="a">Mordell, Albert,</subfield>
    <subfield code="d">1885-</subfield>
    <subfield code="e"> ed.</subfield>
  </datafield>
  <datafield tag="245" ind1="1" ind2="0">
    <subfield code="a">Notorious literary attacks,</subfield>
    <subfield code="c">edited with an introduction by Albert Mordell ...</subfield>
  </datafield>
  <datafield tag="260" ind1=" " ind2=" ">
    <subfield code="a">New York,</subfield>
    <subfield code="b">Boni &amp; Liveright,</subfield>
    <subfield code="c">1926</subfield>
  </datafield>
  <datafield tag="300" ind1=" " ind2=" ">
    <subfield code="a">xlv p., 1 l., 255 p.</subfield>
    <subfield code="c">22 cm.</subfield>
  </datafield>
  <datafield tag="505" ind1="0" ind2=" ">
    <subfield code="a">Introduction.--The round table by William Hazlitt.--On the Cockney school of poetry. No. I., Leigh Hunt.--Some observations on the biographia literaria of S.T. Coleridge.--The revolt of Islam by Percy Bysshe Shelley.--Remarks on Don Juan by Lord Byron.--The French revolution by Thomas Carlyle.--Jane Eyre by Charlotte Brontë.--The scarlet letter by Nathaniel Hawthorne.--Maud by Alfred Tennyson.--Mr. Dickens.--Mr. Swinburne&apos;s new poems: Poems and ballads.--The fleshly school of poetry: Mr. D.G. Rossetti.--Walt Whitman.--Tess of the D&apos;Urbervilles by Thomas Hardy.--&quot;R.L.S.&quot;</subfield>
  </datafield>
  <datafield tag="650" ind1=" " ind2="0">
    <subfield code="a">English literature</subfield>
    <subfield code="y">19th century</subfield>
    <subfield code="x">History and criticism.</subfield>
  </datafield>
  <datafield tag="600" ind1="1" ind2="0">
    <subfield code="a">Hawthorne, Nathaniel,</subfield>
    <subfield code="d">1804-1864.</subfield>
  </datafield>
  <datafield tag="600" ind1="1" ind2="0">
    <subfield code="a">Whitman, Walt,</subfield>
    <subfield code="d">1819-1892.</subfield>
  </datafield>
  <datafield tag="650" ind1=" " ind2="0">
    <subfield code="a">Criticism.</subfield>
  </datafield>
  <datafield tag="985" ind1=" " ind2=" ">
    <subfield code="e">OCLC REPLACEMENT</subfield>
  </datafield>
  <datafield tag="991" ind1=" " ind2=" ">
    <subfield code="b">c-GenColl</subfield>
    <subfield code="h">PR453</subfield>
    <subfield code="i">.M6</subfield>
    <subfield code="t">Copy 1</subfield>
    <subfield code="w">OCLCREP</subfield>
  </datafield>
</record>