
<record>
  <leader>01473cam a2200265   4500</leader>
  <controlfield tag="001">4544301</controlfield>
  <controlfield tag="005">19901206162035.2</controlfield>
  <controlfield tag="008">690509r1969    nyu           000 0 eng  </controlfield>
  <datafield tag="035" ind1=" " ind2=" ">
    <subfield code="9">(DLC)   69018932</subfield>
  </datafield>
  <datafield tag="906" ind1=" " ind2=" ">
    <subfield code="a">7</subfield>
    <subfield code="b">cbc</subfield>
    <subfield code="c">orignew</subfield>
    <subfield code="d">u</subfield>
    <subfield code="e">ncip</subfield>
    <subfield code="f">19</subfield>
    <subfield code="g">y-gencatlg</subfield>
  </datafield>
  <datafield tag="010" ind1=" " ind2=" ">
    <subfield code="a">   69018932 </subfield>
  </datafield>
  <datafield tag="020" ind1=" " ind2=" ">
    <subfield code="a">0836900472</subfield>
  </datafield>
  <datafield tag="040" ind1=" " ind2=" ">
    <subfield code="a">DLC</subfield>
    <subfield code="c">DLC</subfield>
    <subfield code="d">DLC</subfield>
  </datafield>
  <datafield tag="050" ind1="0" ind2="0">
    <subfield code="a">PR453</subfield>
    <subfield code="b">.M6 1969</subfield>
  </datafield>
  <datafield tag="082" ind1="0" ind2="0">
    <subfield code="a">820.9/007</subfield>
  </datafield>
  <datafield tag="100" ind1="1" ind2=" ">
    <subfield code="a">Mordell, Albert,</subfield>
    <subfield code="d">1885-</subfield>
    <subfield code="e">ed.</subfield>
  </datafield>
  <datafield tag="245" ind1="1" ind2="0">
    <subfield code="a">Notorious literary attacks.</subfield>
    <subfield code="c">Edited with an introd. by Albert Mordell.</subfield>
  </datafield>
  <datafield tag="260" ind1=" " ind2=" ">
    <subfield code="a">Freeport, N.Y.,</subfield>
    <subfield code="b">Books for Libraries Press</subfield>
    <subfield code="c">[1969, c1926]</subfield>
  </datafield>
  <datafield tag="300" ind1=" " ind2=" ">
    <subfield code="a">xlv, 255 p.</subfield>
    <subfield code="c">23 cm.</subfield>
  </datafield>
  <datafield tag="490" ind1="0" ind2=" ">
    <subfield code="a">Essay index reprint series</subfield>
  </datafield>
  <datafield tag="505" ind1="0" ind2=" ">
    <subfield code="a">The round table by William Hazlitt.--On the Cockney school of poetry, no. 1, Leigh Hunt.--Some observations on the Biographia literaria of S. T. Coleridge, esq.--The revolt of Islam by Percy Bysshe Shelley.--Remarks on Don Juan by Lord Byron.--The French Revolution by Thomas Carlyle.--Jane Eyre by Charlotte Brontë.--The scarlet letter by Nathaniel Hawthorne.--Maud by Alfred Tennyson.--Mr. Dickens.--Mr. Swinburne&apos;s new poems: Poems and ballads.--The fleshly school of poetry: Mr. D. G. Rossetti.--Walt Whitman.--Tess of the D&apos;Urbervilles by Thomas Hardy.--&quot;R.L.S.&quot;</subfield>
  </datafield>
  <datafield tag="650" ind1=" " ind2="0">
    <subfield code="a">English literature</subfield>
    <subfield code="y">19th century</subfield>
    <subfield code="x">History and criticism.</subfield>
  </datafield>
  <datafield tag="650" ind1=" " ind2="0">
    <subfield code="a">American literature</subfield>
    <subfield code="y">19th century</subfield>
    <subfield code="x">History and criticism.</subfield>
  </datafield>
  <datafield tag="650" ind1=" " ind2="0">
    <subfield code="a">Literary quarrels.</subfield>
  </datafield>
  <datafield tag="991" ind1=" " ind2=" ">
    <subfield code="b">c-GenColl</subfield>
    <subfield code="h">PR453</subfield>
    <subfield code="i">.M6 1969</subfield>
    <subfield code="t">Copy 1</subfield>
    <subfield code="w">BOOKS</subfield>
  </datafield>
</record>