
<record>
  <leader>01555cam a2200301 a 4500</leader>
  <controlfield tag="001">2422311</controlfield>
  <controlfield tag="005">19890728000000.0</controlfield>
  <controlfield tag="008">870731s1987    nyua   j      000 1 eng  </controlfield>
  <datafield tag="035" ind1=" " ind2=" ">
    <subfield code="9">(DLC)   87020791</subfield>
  </datafield>
  <datafield tag="906" ind1=" " ind2=" ">
    <subfield code="a">7</subfield>
    <subfield code="b">cbc</subfield>
    <subfield code="c">orignew</subfield>
    <subfield code="d">1</subfield>
    <subfield code="e">ocip</subfield>
    <subfield code="f">19</subfield>
    <subfield code="g">y-gencatlg</subfield>
  </datafield>
  <datafield tag="010" ind1=" " ind2=" ">
    <subfield code="a">   87020791 </subfield>
  </datafield>
  <datafield tag="020" ind1=" " ind2=" ">
    <subfield code="a">0895772884 (pbk. : set)</subfield>
  </datafield>
  <datafield tag="040" ind1=" " ind2=" ">
    <subfield code="a">DLC</subfield>
    <subfield code="c">DLC</subfield>
    <subfield code="d">DLC</subfield>
  </datafield>
  <datafield tag="042" ind1=" " ind2=" ">
    <subfield code="a">lcac</subfield>
  </datafield>
  <datafield tag="050" ind1="1" ind2="0">
    <subfield code="a">PZ5</subfield>
    <subfield code="b">.B424 1987</subfield>
  </datafield>
  <datafield tag="082" ind1="0" ind2="0">
    <subfield code="a">[Fic]</subfield>
    <subfield code="2">19</subfield>
  </datafield>
  <datafield tag="245" ind1="0" ind2="0">
    <subfield code="a">Best loved classics :</subfield>
    <subfield code="b">a collection of 10 classic tales that will delight young and old /</subfield>
    <subfield code="c">[selected and condensed by the editors of Reader&apos;s digest].</subfield>
  </datafield>
  <datafield tag="250" ind1=" " ind2=" ">
    <subfield code="a">1st ed.</subfield>
  </datafield>
  <datafield tag="260" ind1=" " ind2=" ">
    <subfield code="a">Pleasantville, N.Y. :</subfield>
    <subfield code="b">Reader&apos;s Digest Association,</subfield>
    <subfield code="c">c1987.</subfield>
  </datafield>
  <datafield tag="300" ind1=" " ind2=" ">
    <subfield code="a">10 v. :</subfield>
    <subfield code="b">col. ill. ;</subfield>
    <subfield code="c">19 cm.</subfield>
  </datafield>
  <datafield tag="500" ind1=" " ind2=" ">
    <subfield code="a">Cataloged from the case.</subfield>
  </datafield>
  <datafield tag="500" ind1=" " ind2=" ">
    <subfield code="a">Issued in a case.</subfield>
  </datafield>
  <datafield tag="505" ind1="1" ind2=" ">
    <subfield code="a">[1] The adventures of Tom Sawyer / by Mark Twain -- [2] Oliver Twist / by Charles Dickens -- [3] Little women / by Louisa May Alcott -- [4] Treasure Island / by Robert Louis Stevenson -- [5] The red badge of courage / by Stephen Crane -- [6] The adventures of Huckleberry Finn / by Mark Twain -- [7] The Hunchback of Notre Dame / Victor Hugo -- [8] David Copperfield / by Charles Dickens -- [9] The life and strange surprising adventures of Robinson Crusoe / by Daniel Defoe -- [10] Jane Eyre / by Charlotte Brontë.</subfield>
  </datafield>
  <datafield tag="650" ind1=" " ind2="0">
    <subfield code="a">Children&apos;s literature.</subfield>
  </datafield>
  <datafield tag="650" ind1=" " ind2="1">
    <subfield code="a">Literature</subfield>
    <subfield code="x">Collections.</subfield>
  </datafield>
  <datafield tag="730" ind1="0" ind2=" ">
    <subfield code="a">Reader&apos;s digest.</subfield>
  </datafield>
  <datafield tag="952" ind1=" " ind2=" ">
    <subfield code="a">Complete in 10 v.--CIP data sheet: bt28 07-10-87.</subfield>
  </datafield>
  <datafield tag="952" ind1=" " ind2=" ">
    <subfield code="a">2A cataloging per Desc Pol: pa04 08-10-87.</subfield>
  </datafield>
</record>