
<record>
  <leader>01577nam a2200289   4500</leader>
  <controlfield tag="001">2285345</controlfield>
  <controlfield tag="005">19701014000000.0</controlfield>
  <controlfield tag="008">700921s1970    mau    j      000 0 eng  </controlfield>
  <datafield tag="035" ind1=" " ind2=" ">
    <subfield code="9">(DLC)   79118941</subfield>
  </datafield>
  <datafield tag="906" ind1=" " ind2=" ">
    <subfield code="a">7</subfield>
    <subfield code="b">cbc</subfield>
    <subfield code="c">orignew</subfield>
    <subfield code="d">2</subfield>
    <subfield code="e">ncip</subfield>
    <subfield code="f">19</subfield>
    <subfield code="g">y-gencatlg</subfield>
  </datafield>
  <datafield tag="010" ind1=" " ind2=" ">
    <subfield code="a">   79118941 </subfield>
  </datafield>
  <datafield tag="020" ind1=" " ind2=" ">
    <subfield code="a">0823800032</subfield>
  </datafield>
  <datafield tag="040" ind1=" " ind2=" ">
    <subfield code="a">DLC</subfield>
    <subfield code="c">DLC</subfield>
    <subfield code="d">DLC</subfield>
  </datafield>
  <datafield tag="042" ind1=" " ind2=" ">
    <subfield code="a">lcac</subfield>
  </datafield>
  <datafield tag="050" ind1="0" ind2="0">
    <subfield code="a">PN6120.A5</subfield>
    <subfield code="b">O558</subfield>
  </datafield>
  <datafield tag="082" ind1="0" ind2="0">
    <subfield code="a">812/.5/4</subfield>
  </datafield>
  <datafield tag="100" ind1="1" ind2=" ">
    <subfield code="a">Olfson, Lewy.</subfield>
  </datafield>
  <datafield tag="245" ind1="1" ind2="0">
    <subfield code="a">Classics adapted for acting and reading;</subfield>
    <subfield code="b">a collection of one-act dramatizations of famous stories and books for royalty-free performance and reading.</subfield>
  </datafield>
  <datafield tag="260" ind1=" " ind2=" ">
    <subfield code="a">Boston,</subfield>
    <subfield code="b">Plays, inc.</subfield>
    <subfield code="c">[1970]</subfield>
  </datafield>
  <datafield tag="300" ind1=" " ind2=" ">
    <subfield code="a">x, 294 p.</subfield>
    <subfield code="c">22 cm.</subfield>
  </datafield>
  <datafield tag="350" ind1=" " ind2=" ">
    <subfield code="a">7.95</subfield>
  </datafield>
  <datafield tag="505" ind1="0" ind2=" ">
    <subfield code="a">Plays for acting: Rip van Winkle, by W. Irving. Jane Eyre, by C. Brontë. The importance of being earnest, by O. Wilde. The transferred ghost, by F. R. Stockton. The rivals, by R. B. Sheridan. The flying Dutchman, by H. Heine. The bishop&apos;s candlesticks, by V. Hugo (from Les miserables). Wuthering Heights, by E. Brontë.--Plays for reading: Around the world in eighty days, by J. Verne. The Count of Monte Christo, by A. Dumas. A Christmas carol, by C. Dickens. Through the looking-glass, by L. Carroll. The kidnapping of David Balfour, by R. L. Stevenson (from Kidnapped). The man without a country, by E. E. Hale. Enoch Arden, by Alfred, Lord Tennyson. The Swiss family Robinson, by J. Wyss.</subfield>
  </datafield>
  <datafield tag="650" ind1=" " ind2="0">
    <subfield code="a">Children&apos;s plays.</subfield>
  </datafield>
  <datafield tag="650" ind1=" " ind2="0">
    <subfield code="a">Stage adaptations.</subfield>
  </datafield>
  <datafield tag="650" ind1=" " ind2="1">
    <subfield code="a">Plays.</subfield>
  </datafield>
  <datafield tag="650" ind1=" " ind2="1">
    <subfield code="a">Stage adaptations.</subfield>
  </datafield>
  <datafield tag="991" ind1=" " ind2=" ">
    <subfield code="b">c-GenColl</subfield>
    <subfield code="h">PN6120.A5</subfield>
    <subfield code="i">O558</subfield>
    <subfield code="t">Copy 1</subfield>
    <subfield code="w">BOOKS</subfield>
  </datafield>
</record>