
<record>
  <leader>01395nam a2200241   4500</leader>
  <controlfield tag="001">781401</controlfield>
  <controlfield tag="005">19691008000000.0</controlfield>
  <controlfield tag="008">690929r19691956mau           000 0 eng  </controlfield>
  <datafield tag="035" ind1=" " ind2=" ">
    <subfield code="9">(DLC)   73090415</subfield>
  </datafield>
  <datafield tag="906" ind1=" " ind2=" ">
    <subfield code="a">7</subfield>
    <subfield code="b">cbc</subfield>
    <subfield code="c">orignew</subfield>
    <subfield code="d">u</subfield>
    <subfield code="e">ncip</subfield>
    <subfield code="f">19</subfield>
    <subfield code="g">y-gencatlg</subfield>
  </datafield>
  <datafield tag="010" ind1=" " ind2=" ">
    <subfield code="a">   73090415 </subfield>
  </datafield>
  <datafield tag="040" ind1=" " ind2=" ">
    <subfield code="a">DLC</subfield>
    <subfield code="c">DLC</subfield>
    <subfield code="d">DLC</subfield>
  </datafield>
  <datafield tag="050" ind1="0" ind2="0">
    <subfield code="a">PN6120.R2</subfield>
    <subfield code="b">O55 1969</subfield>
  </datafield>
  <datafield tag="082" ind1="0" ind2="0">
    <subfield code="a">808.82/2</subfield>
  </datafield>
  <datafield tag="100" ind1="1" ind2=" ">
    <subfield code="a">Olfson, Lewy.</subfield>
  </datafield>
  <datafield tag="245" ind1="1" ind2="0">
    <subfield code="a">Dramatized readings of famous stories;</subfield>
    <subfield code="b">a collection of royalty-free one-act adaptations from the classics.</subfield>
  </datafield>
  <datafield tag="260" ind1=" " ind2=" ">
    <subfield code="a">Boston,</subfield>
    <subfield code="b">Plays, inc.</subfield>
    <subfield code="c">[1969]</subfield>
  </datafield>
  <datafield tag="300" ind1=" " ind2=" ">
    <subfield code="a">vi, 250 p.</subfield>
    <subfield code="c">21 cm.</subfield>
  </datafield>
  <datafield tag="350" ind1=" " ind2=" ">
    <subfield code="a">5.00</subfield>
  </datafield>
  <datafield tag="500" ind1=" " ind2=" ">
    <subfield code="a">First published in 1956 under title: Radio plays of famous stories.</subfield>
  </datafield>
  <datafield tag="505" ind1="0" ind2=" ">
    <subfield code="a">Wuthering Heights, by E. Brontë.--Silas Marner, by G. Eliot.--Jane Eyre, by C. Brontë.--The house of seven gables, by N. Hawthorne.--The importance of being earnest, by O. Wilde.--The adventures of Tom Sawyer, by M. Twain.--A Connecticut Yankee in King Arthur&apos;s court, by M. Twain.--Cyrano de Bergerac, by E. Rostand.--Quentin Durward, by W. Scott.--Monsieur Beaucaire, by B. Tarkington.--The Pickwick papers, by C. Dickens.--David Copperfield and Uriah Heep, by C. Dickens.--The bishop&apos;s candlesticks, by V. Hugo.--Captains courageous, by R. Kipling.--Which of the nine? by M. Jokai.--Radio workshop.</subfield>
  </datafield>
  <datafield tag="650" ind1=" " ind2="0">
    <subfield code="a">Radio adaptations.</subfield>
  </datafield>
  <datafield tag="991" ind1=" " ind2=" ">
    <subfield code="b">c-GenColl</subfield>
    <subfield code="h">PN6120.R2</subfield>
    <subfield code="i">O55 1969</subfield>
    <subfield code="t">Copy 1</subfield>
    <subfield code="w">BOOKS</subfield>
  </datafield>
</record>