
<record>
  <leader>01116nam a22002291  4500</leader>
  <controlfield tag="001">10110673</controlfield>
  <controlfield tag="005">19980421190737.0</controlfield>
  <controlfield tag="008">791004s1913    enk           000 0 eng  </controlfield>
  <datafield tag="035" ind1=" " ind2=" ">
    <subfield code="9">(DLC)   14018032</subfield>
  </datafield>
  <datafield tag="906" ind1=" " ind2=" ">
    <subfield code="a">7</subfield>
    <subfield code="b">cbc</subfield>
    <subfield code="c">oclcrpl</subfield>
    <subfield code="d">u</subfield>
    <subfield code="e">ncip</subfield>
    <subfield code="f">19</subfield>
    <subfield code="g">y-gencatlg</subfield>
  </datafield>
  <datafield tag="010" ind1=" " ind2=" ">
    <subfield code="a">   14018032 </subfield>
  </datafield>
  <datafield tag="035" ind1=" " ind2=" ">
    <subfield code="a">(OCoLC)5466414</subfield>
  </datafield>
  <datafield tag="040" ind1=" " ind2=" ">
    <subfield code="a">DLC</subfield>
    <subfield code="c">OCl</subfield>
    <subfield code="d">DLC</subfield>
  </datafield>
  <datafield tag="050" ind1="0" ind2="0">
    <subfield code="a">PN6120.A5</subfield>
    <subfield code="b">P4565</subfield>
  </datafield>
  <datafield tag="100" ind1="1" ind2=" ">
    <subfield code="a">Pertwee, Ernest Guy.</subfield>
  </datafield>
  <datafield tag="245" ind1="1" ind2="0">
    <subfield code="a">Scenes for acting from great novelists,</subfield>
    <subfield code="c">by Guy Pertwee.</subfield>
  </datafield>
  <datafield tag="260" ind1=" " ind2=" ">
    <subfield code="a">London,</subfield>
    <subfield code="b">G. Routledge &amp; sons, ltd.,</subfield>
    <subfield code="c">1913.</subfield>
  </datafield>
  <datafield tag="300" ind1=" " ind2=" ">
    <subfield code="a">vii, 98 p., 1 l.</subfield>
    <subfield code="c">19 cm.</subfield>
  </datafield>
  <datafield tag="505" ind1="0" ind2=" ">
    <subfield code="a">The queen&apos;s necklace; Dumas (Three musketeers)--A kingdom at stake; Dumas (Twenty years after)--Rochester&apos;s wooing; Brontë (Jane Eyre)--Lady Catherine&apos;s visit; Austen (Pride and prejudice)--The bishop&apos;s candlesticks; Hugo (Les miserables)--A Tulliver tea-party; G. Eliot (The mill on the Floss)--The rehearsal; Dickens (Nicholas Nickleby)--A Cranford card party; Mrs. Gaskell (Cranford)--&quot;Cold punch&quot;; Dickens (Pickwick)</subfield>
  </datafield>
  <datafield tag="650" ind1=" " ind2="0">
    <subfield code="a">Amateur plays.</subfield>
  </datafield>
  <datafield tag="985" ind1=" " ind2=" ">
    <subfield code="e">OCLC REPLACEMENT</subfield>
  </datafield>
  <datafield tag="991" ind1=" " ind2=" ">
    <subfield code="b">c-GenColl</subfield>
    <subfield code="h">PN6120.A5</subfield>
    <subfield code="i">P4565</subfield>
    <subfield code="t">Copy 1</subfield>
    <subfield code="w">OCLCREP</subfield>
  </datafield>
</record>