
<record>
  <leader>01713cjm a22003611a 4500</leader>
  <controlfield tag="001">12074378</controlfield>
  <controlfield tag="005">20000710172124.0</controlfield>
  <controlfield tag="007">ssulmnjlc----e</controlfield>
  <controlfield tag="008">950301s1993    xx mpn   i               </controlfield>
  <datafield tag="035" ind1=" " ind2=" ">
    <subfield code="a">(OCoLC)ocm32069889</subfield>
  </datafield>
  <datafield tag="906" ind1=" " ind2=" ">
    <subfield code="a">0</subfield>
    <subfield code="b">cbc</subfield>
    <subfield code="c">copycat</subfield>
    <subfield code="d">3</subfield>
    <subfield code="e">ncip</subfield>
    <subfield code="f">19</subfield>
    <subfield code="g">y-soundrec</subfield>
  </datafield>
  <datafield tag="010" ind1=" " ind2=" ">
    <subfield code="a">   99590207 </subfield>
  </datafield>
  <datafield tag="020" ind1=" " ind2=" ">
    <subfield code="c">$10.98</subfield>
  </datafield>
  <datafield tag="028" ind1="0" ind2="2">
    <subfield code="a">07822-11006-4</subfield>
    <subfield code="b">20th Century Fox Film Scores</subfield>
  </datafield>
  <datafield tag="040" ind1=" " ind2=" ">
    <subfield code="a">DLC</subfield>
    <subfield code="c">InMerL</subfield>
    <subfield code="d">DLC</subfield>
  </datafield>
  <datafield tag="042" ind1=" " ind2=" ">
    <subfield code="a">lcderive</subfield>
  </datafield>
  <datafield tag="050" ind1="0" ind2="0">
    <subfield code="a">RYC 7749</subfield>
  </datafield>
  <datafield tag="100" ind1="1" ind2=" ">
    <subfield code="a">Raksin, David.</subfield>
  </datafield>
  <datafield tag="245" ind1="1" ind2="0">
    <subfield code="a">Laura</subfield>
    <subfield code="h">[sound recording] /</subfield>
    <subfield code="c">[composed by David Raksin]. Jane Eyre / [composed and conducted by Bernard Herrmann].</subfield>
  </datafield>
  <datafield tag="260" ind1=" " ind2=" ">
    <subfield code="a">[S.l.] :</subfield>
    <subfield code="b">20th Century Fox Film Scores ;</subfield>
    <subfield code="a">New York :</subfield>
    <subfield code="b">Marketed and distributed by Arista Records,</subfield>
    <subfield code="c">c1993.</subfield>
  </datafield>
  <datafield tag="300" ind1=" " ind2=" ">
    <subfield code="a">1 sound cassette (64 min., 33 sec.) :</subfield>
    <subfield code="b">1 7/8 ips, mono., Dolby processed.</subfield>
  </datafield>
  <datafield tag="306" ind1=" " ind2=" ">
    <subfield code="a">010433</subfield>
  </datafield>
  <datafield tag="440" ind1=" " ind2="0">
    <subfield code="a">Classic series ;</subfield>
    <subfield code="v">1</subfield>
  </datafield>
  <datafield tag="511" ind1="0" ind2=" ">
    <subfield code="a">Unnamed orchestras, conducted by Alfred Newman and Bernard Herrmann.</subfield>
  </datafield>
  <datafield tag="518" ind1=" " ind2=" ">
    <subfield code="a">Recorded at the Twentieth Century Fox Scoring Stage, September 1944 (Laura) and February 1943 (Jane Eyre).</subfield>
  </datafield>
  <datafield tag="505" ind1="0" ind2=" ">
    <subfield code="a">Twentieth Century Fox Fanfare -- The Laura suite: theme and variations -- Jane Eyre: Main title ; Jane&apos;s departure ; Elegy and Jane&apos;s sorrow ; Thornfield Hall ; The piano ; Rochester&apos;s past ; The fire ; Mr. Mason ; The garden ; The storm ; The wedding ; Jane&apos;s farewell ; Jane&apos;s return ; The finale.</subfield>
  </datafield>
  <datafield tag="650" ind1=" " ind2="0">
    <subfield code="a">Motion picture music.</subfield>
  </datafield>
  <datafield tag="700" ind1="1" ind2="2">
    <subfield code="a">Herrmann, Bernard,</subfield>
    <subfield code="d">1911-1975.</subfield>
    <subfield code="t">Jane Eyre.</subfield>
  </datafield>
  <datafield tag="700" ind1="1" ind2=" ">
    <subfield code="a">Newman, Alfred,</subfield>
    <subfield code="d">1901-1970.</subfield>
    <subfield code="4">cnd</subfield>
  </datafield>
  <datafield tag="730" ind1="0" ind2=" ">
    <subfield code="a">Laura (Motion picture)</subfield>
  </datafield>
  <datafield tag="730" ind1="0" ind2=" ">
    <subfield code="a">Jane Eyre (Motion picture)</subfield>
  </datafield>
  <datafield tag="740" ind1="0" ind2=" ">
    <subfield code="a">Jane Eyre</subfield>
    <subfield code="h">[sound recording]</subfield>
  </datafield>
  <datafield tag="985" ind1=" " ind2=" ">
    <subfield code="c">OCLC</subfield>
    <subfield code="e">Claimed Recordings</subfield>
  </datafield>
</record>