
<record>
  <leader>01029cam a2200217u  4500</leader>
  <controlfield tag="001">8458824</controlfield>
  <controlfield tag="005">20020131154457.0</controlfield>
  <controlfield tag="008">860610n        xx            000 0aeng  </controlfield>
  <datafield tag="035" ind1=" " ind2=" ">
    <subfield code="9">(DLC)r  65001877</subfield>
  </datafield>
  <datafield tag="906" ind1=" " ind2=" ">
    <subfield code="a">0</subfield>
    <subfield code="b">cbc</subfield>
    <subfield code="c">premunv</subfield>
    <subfield code="d">u</subfield>
    <subfield code="e">ncip</subfield>
    <subfield code="f">19</subfield>
    <subfield code="g">y-gencatlg</subfield>
  </datafield>
  <datafield tag="010" ind1=" " ind2=" ">
    <subfield code="a">r  65001877 </subfield>
  </datafield>
  <datafield tag="040" ind1=" " ind2=" ">
    <subfield code="a">DLC</subfield>
    <subfield code="c">CarP</subfield>
    <subfield code="d">DLC</subfield>
  </datafield>
  <datafield tag="100" ind1="1" ind2=" ">
    <subfield code="a">Webster, Margaret,</subfield>
    <subfield code="d">1905-1972.</subfield>
  </datafield>
  <datafield tag="245" ind1="1" ind2="4">
    <subfield code="a">The Brontës, [Sound recording]</subfield>
    <subfield code="c">a dramatic reading by Margaret Webster.</subfield>
  </datafield>
  <datafield tag="260" ind1=" " ind2=" ">
    <subfield code="a">[n.p.]</subfield>
    <subfield code="b">Vanguard VRS 9176-9177. [1965]</subfield>
  </datafield>
  <datafield tag="300" ind1=" " ind2=" ">
    <subfield code="a">p. 4 s. 12 in. 33 1/3 rpm. microgroove.</subfield>
  </datafield>
  <datafield tag="500" ind1=" " ind2=" ">
    <subfield code="a">Vanguard recordings for the connoisseur.</subfield>
  </datafield>
  <datafield tag="500" ind1=" " ind2=" ">
    <subfield code="a">&quot;Arranged, adapted, and performed by Miss Webster. Compiled ... from Charlotte Brontë&apos;s letters, Mrs. Gaskell&apos;s &apos;Life,&apos; and the poems, diaries, etc. of the sisters, with extracts from &apos;Jane Eyre&apos; &apos;Wuthering Heights,&apos; and &apos;Agnes Grey.&apos;&quot;</subfield>
  </datafield>
  <datafield tag="500" ind1=" " ind2=" ">
    <subfield code="a">Automatic sequence.</subfield>
  </datafield>
  <datafield tag="500" ind1=" " ind2=" ">
    <subfield code="a">Chronological notes by Pamela Frankau and critical notes by Harold Clurman on slipcase.</subfield>
  </datafield>
  <datafield tag="600" ind1="3" ind2="0">
    <subfield code="a">Brontë family. [from old catalog]</subfield>
  </datafield>
</record>