
<record>
  <leader>01767nim a2200361 a 4500</leader>
  <controlfield tag="001">5747068</controlfield>
  <controlfield tag="005">19951128110240.6</controlfield>
  <controlfield tag="007">stuomndmbnnnu</controlfield>
  <controlfield tag="008">951101s1964    dcunnn         fb   eng  </controlfield>
  <datafield tag="035" ind1=" " ind2=" ">
    <subfield code="9">(DLC)   95770513</subfield>
  </datafield>
  <datafield tag="906" ind1=" " ind2=" ">
    <subfield code="a">7</subfield>
    <subfield code="b">cbc</subfield>
    <subfield code="c">orignew</subfield>
    <subfield code="d">2</subfield>
    <subfield code="e">ncip</subfield>
    <subfield code="f">19</subfield>
    <subfield code="g">y-genmusic</subfield>
  </datafield>
  <datafield tag="010" ind1=" " ind2=" ">
    <subfield code="a">   95770513 </subfield>
  </datafield>
  <datafield tag="033" ind1="0" ind2=" ">
    <subfield code="a">19641116</subfield>
    <subfield code="b">3850</subfield>
  </datafield>
  <datafield tag="040" ind1=" " ind2=" ">
    <subfield code="a">DLC</subfield>
    <subfield code="c">DLC</subfield>
    <subfield code="d">DLC</subfield>
  </datafield>
  <datafield tag="050" ind1="0" ind2="0">
    <subfield code="a">LWO 4379</subfield>
  </datafield>
  <datafield tag="100" ind1="1" ind2=" ">
    <subfield code="a">Webster, Margaret,</subfield>
    <subfield code="d">1905-1972.</subfield>
  </datafield>
  <datafield tag="245" ind1="1" ind2="0">
    <subfield code="a">No coward soul</subfield>
    <subfield code="h">[sound recording] :</subfield>
    <subfield code="b">a dramatic portrait of Charlotte, Emily, and Anne Brontë /</subfield>
    <subfield code="c">arranged and adapted by Margaret Webster.</subfield>
  </datafield>
  <datafield tag="260" ind1=" " ind2=" ">
    <subfield code="c">1964.</subfield>
  </datafield>
  <datafield tag="300" ind1=" " ind2=" ">
    <subfield code="a">1 sound tape reel (1 hr., 55 min.) :</subfield>
    <subfield code="b">analog, 7 1/2 ips, 2 track, mono. ;</subfield>
    <subfield code="c">10 in. +</subfield>
    <subfield code="e">1 playbill (4 p.)</subfield>
  </datafield>
  <datafield tag="306" ind1=" " ind2=" ">
    <subfield code="a">015500</subfield>
  </datafield>
  <datafield tag="511" ind1="0" ind2=" ">
    <subfield code="a">Starring Margaret Webster.</subfield>
  </datafield>
  <datafield tag="500" ind1=" " ind2=" ">
    <subfield code="a">Presented by the Gertrude Clarke Whittall Poetry and Literature Fund by arrangement with the Greater New York Chapter of the American National Theatre and Academy.</subfield>
  </datafield>
  <datafield tag="500" ind1=" " ind2=" ">
    <subfield code="a">&quot;The Matinee Theatre series&quot;--Program.</subfield>
  </datafield>
  <datafield tag="518" ind1=" " ind2=" ">
    <subfield code="a">Recorded Nov. 16 and 17, 1964, in the Coolidge Auditorium, at the Library of Congress in Washington, D.C.</subfield>
  </datafield>
  <datafield tag="500" ind1=" " ind2=" ">
    <subfield code="a">Recorded for the Archive of Recorded Poetry and Literature.</subfield>
  </datafield>
  <datafield tag="510" ind1="4" ind2=" ">
    <subfield code="a">Literary recordings, rev., enl. ed.,</subfield>
    <subfield code="c">p. 263.</subfield>
  </datafield>
  <datafield tag="520" ind1=" " ind2=" ">
    <subfield code="a">Compiled from Charlotte Brontë&apos;s letters, Mrs. Gaskell&apos;s Life, and the poems, diaries, etc. of the sisters, with extracts from Jane Eyre, Wuthering Heights, and Agnes Grey.</subfield>
  </datafield>
  <datafield tag="600" ind1="2" ind2="0">
    <subfield code="a">Brontë family.</subfield>
  </datafield>
  <datafield tag="710" ind1="2" ind2=" ">
    <subfield code="a">ANTA (Organization).</subfield>
    <subfield code="b">Greater New York Chapter.</subfield>
  </datafield>
  <datafield tag="710" ind1="2" ind2=" ">
    <subfield code="a">Gertrude Clarke Whittall Poetry and Literature Fund.</subfield>
  </datafield>
  <datafield tag="710" ind1="2" ind2=" ">
    <subfield code="a">Archive of Recorded Poetry and Literature (Library of Congress)</subfield>
  </datafield>
  <datafield tag="953" ind1=" " ind2=" ">
    <subfield code="a">TA28</subfield>
  </datafield>
  <datafield tag="991" ind1=" " ind2=" ">
    <subfield code="b">c-RecSound</subfield>
    <subfield code="h">LWO 4379</subfield>
    <subfield code="w">MUSIC</subfield>
  </datafield>
</record>