
<record>
  <leader>04543cim a22003134a 4500</leader>
  <controlfield tag="001">12034479</controlfield>
  <controlfield tag="005">20000918163809.0</controlfield>
  <controlfield tag="007">ss|lsnjlcmnnce</controlfield>
  <controlfield tag="008">000608s1996    vaunnn   r     il   eng  </controlfield>
  <datafield tag="906" ind1=" " ind2=" ">
    <subfield code="a">7</subfield>
    <subfield code="b">cbc</subfield>
    <subfield code="c">orignew</subfield>
    <subfield code="d">3</subfield>
    <subfield code="e">ncip</subfield>
    <subfield code="f">20</subfield>
    <subfield code="g">y-genmusic</subfield>
  </datafield>
  <datafield tag="925" ind1="0" ind2=" ">
    <subfield code="a">acquire</subfield>
    <subfield code="b">1 shelf copy</subfield>
    <subfield code="e">do not retain if CD is acquired</subfield>
    <subfield code="x">policy default</subfield>
  </datafield>
  <datafield tag="955" ind1=" " ind2=" ">
    <subfield code="a">vl20 06-08-00; vn37 09-11-00</subfield>
  </datafield>
  <datafield tag="010" ind1=" " ind2=" ">
    <subfield code="a">   00526200 </subfield>
  </datafield>
  <datafield tag="028" ind1="0" ind2="0">
    <subfield code="a">201A</subfield>
    <subfield code="b">Teaching Co.</subfield>
  </datafield>
  <datafield tag="028" ind1="0" ind2="0">
    <subfield code="a">207A</subfield>
    <subfield code="b">Teaching Co.</subfield>
  </datafield>
  <datafield tag="040" ind1=" " ind2=" ">
    <subfield code="a">DLC</subfield>
    <subfield code="c">DLC</subfield>
  </datafield>
  <datafield tag="042" ind1=" " ind2=" ">
    <subfield code="a">pcc</subfield>
  </datafield>
  <datafield tag="050" ind1="0" ind2="0">
    <subfield code="a">RZA 5877, etc.</subfield>
  </datafield>
  <datafield tag="245" ind1="0" ind2="0">
    <subfield code="a">Great authors of the Western literary tradition</subfield>
    <subfield code="h">[sound recording] /</subfield>
    <subfield code="c">[Arnold Weinstein ... [et al.]].</subfield>
  </datafield>
  <datafield tag="260" ind1=" " ind2=" ">
    <subfield code="a">Springfield, VA :</subfield>
    <subfield code="b">Teaching Co.,</subfield>
    <subfield code="c">[1996]</subfield>
  </datafield>
  <datafield tag="300" ind1=" " ind2=" ">
    <subfield code="a">40 sound cassettes :</subfield>
    <subfield code="b">analog, Dolby processed +</subfield>
    <subfield code="e">7 course guides (22 cm.)</subfield>
  </datafield>
  <datafield tag="440" ind1=" " ind2="4">
    <subfield code="a">The great courses on tape</subfield>
  </datafield>
  <datafield tag="500" ind1=" " ind2=" ">
    <subfield code="a">Teaching Co.: 201A--207A.</subfield>
  </datafield>
  <datafield tag="500" ind1=" " ind2=" ">
    <subfield code="a">In seven containers (22 cm.).</subfield>
  </datafield>
  <datafield tag="505" ind1="0" ind2=" ">
    <subfield code="a">pt. 1. Introduction and the literature of ancient Greece and Jerusalem: lecture 1. The value of literature ; lecture 2. The interpretation of literature ; lecture 3. Introduction to Homer ; lecture 4. Challenging the heroic code ; lecture 5. Alpha and Omega ; lecture 6. Introduction to the Odysseus ; lecture 7. The uses of enchantment ; lecture 8. Homecoming ; lecture 9. The book of Job ; lecture 10. Plato and Poetry -- pt. 2. The literature of ancient Greece and Rome: lecture 1. Introduction to the Oresteia ; lecture 2. The sophoclean hero ; lecture 3. Complex Oedipus ; lecture 4. The bacchae ; lecture 5. Thucydides and the dawn of history ; lecture 6. Aristophanes and very old jokes ; lecture 7. Introduction to Virgil ; lecture 8. Aenaes, a new kind of hero ; lecture 9. Ovid and the Metomorphoses ; The Neronian way of death -- pt. 3. Medieval literature and the birth of English: lecture 1. Studying the literature of the past ; lecture 2. Some conventions of medieval literature ; lecture 3. The English language, then and now ; lecture 4. Beowulf and Old English poetry ; lecture 5. The song of Roland ; lecture 6. Medieval romance and the stories of Arthur ; lecture 7. The troubadours ; lecture 8. The romance of the rose ; lecture 9. The poet of Sir Gawain and the green knight ; lecture 10. Italian poets of the fourteenth century ; lecture 11. Chaucer, Troilus and Criseyde ; lecture 12. Chaucer, The Canterbury tales -- pt. 4. The literature of the Renaissance: lecture 1. Introduction to Renaissance literature ; lecture 2. Dante&apos;s life and times ; lecture 3. Dante&apos;s literary antecedents ; lecture 4. Erasmus, In praise of folly ; lecture 5. Introduction to Shakespeare ; lecture 6. Richard III, actor as villain ; lecture 7. Hamlet and the perplexing world ; lecture 8. Twelfth night and Shakespearean comedy ; lecture 9. Cervantes, Don Quixote ; lecture 10. Milton, Paradise lost ; lecture 11. Milton, Paradise lost II ; lecture 12. Pascal, Pensees -- pt. 5. Neo-Classical and romantic literature:  lecture 1. Introduction to 18th-century literature ; lecture 2. Racine, Phaedre ; lecture 3. Moliere, The misanthrope ; lecture 4. Defoe, Robinson Crusoe ; lecture 5. Defoe, Moll Flanders ; lecture 6. Voltaire, Candide ; lecture 7. Swift, Gulliver&apos;s travels ; lecture 8. Sterne, Tristram Shandy ; lecture 9. Rousseau, Connfessions ; lecture 10. Goethe, The sorrows of young Werther ; lecture 11. Goether, Faust ; lecture 12. Stendhal, The red and the black -- pt. 6. The nineteenth century, realism and naturalism: lecture 1. Introduction to 19th-century literature ; lecture 2. Balzac, Pere Goriot ; lecture 3. Austen, Pride and prejudice ; lecture 4. Dickens, Bleak house ; lecture 5. Melville, Moby Dick ; lecture 6. Bronte, Jane Eyre ; lecture 7. Flauber, Madame Bovary ; lecture 8. Tolstoy, The death of Ivan Ilych  ; lecture 9. Ibsen ; lecture 10. Strindberg ; lecture 11. Conrad, Heart of darkness ; lecture 12. Mann, Death in Venice -- pt. 7. The twentieth century, modernism and existentialism: lecture 1. Introduction to 20th-century literature ; lecture 2. Kafka, Short stories ; lecture 3. Kafka, Short stories ; lecture 4. Proust, Rememberance of things past ; lecture 5. Joyce, Ulysses ; lecture 6. Woolf To the lighthouse ; lecture 7. Faulkner, The sound and the fury ; lecture 8. Faulkner, Absalom, Absalom ; lecture 9. Sartre, Nausea ; lecture 10. Camus, The plague ; lecture 11. Beckett, drama of alienation.</subfield>
  </datafield>
  <datafield tag="650" ind1=" " ind2="0">
    <subfield code="a">Literature</subfield>
    <subfield code="x">History and criticism.</subfield>
  </datafield>
  <datafield tag="700" ind1="1" ind2=" ">
    <subfield code="a">Weinstein, Arnold.</subfield>
  </datafield>
  <datafield tag="710" ind1="2" ind2=" ">
    <subfield code="a">Teaching Company.</subfield>
  </datafield>
  <datafield tag="830" ind1=" " ind2="0">
    <subfield code="a">Great courses on tape.</subfield>
  </datafield>
</record>