
<record>
  <leader>04997cim a22003494a 4500</leader>
  <controlfield tag="001">12061894</controlfield>
  <controlfield tag="005">20001102071309.0</controlfield>
  <controlfield tag="007">ss|lsnjlcmnnce</controlfield>
  <controlfield tag="008">000619s1995    vaunnn   r     il   eng  </controlfield>
  <datafield tag="906" ind1=" " ind2=" ">
    <subfield code="a">7</subfield>
    <subfield code="b">cbc</subfield>
    <subfield code="c">orignew</subfield>
    <subfield code="d">3</subfield>
    <subfield code="e">ncip</subfield>
    <subfield code="f">20</subfield>
    <subfield code="g">y-genmusic</subfield>
  </datafield>
  <datafield tag="925" ind1="0" ind2=" ">
    <subfield code="a">acquire</subfield>
    <subfield code="b">1 shelf copy</subfield>
    <subfield code="e">do not retain if CD is acquired</subfield>
    <subfield code="x">policy default</subfield>
  </datafield>
  <datafield tag="955" ind1=" " ind2=" ">
    <subfield code="a">vl20 06-19-00; vn37 09-08-00</subfield>
  </datafield>
  <datafield tag="010" ind1=" " ind2=" ">
    <subfield code="a">   00527024 </subfield>
  </datafield>
  <datafield tag="028" ind1="0" ind2="0">
    <subfield code="a">211A</subfield>
    <subfield code="b">Teaching Co.</subfield>
  </datafield>
  <datafield tag="028" ind1="0" ind2="0">
    <subfield code="a">211B</subfield>
    <subfield code="b">Teaching Co.</subfield>
  </datafield>
  <datafield tag="028" ind1="0" ind2="0">
    <subfield code="a">212AA</subfield>
    <subfield code="b">Teaching Co.</subfield>
  </datafield>
  <datafield tag="028" ind1="0" ind2="0">
    <subfield code="a">212BA</subfield>
    <subfield code="b">Teaching Co.</subfield>
  </datafield>
  <datafield tag="028" ind1="0" ind2="0">
    <subfield code="a">213AA</subfield>
    <subfield code="b">Teaching Co.</subfield>
  </datafield>
  <datafield tag="028" ind1="0" ind2="0">
    <subfield code="a">213BA</subfield>
    <subfield code="b">Teaching Co.</subfield>
  </datafield>
  <datafield tag="040" ind1=" " ind2=" ">
    <subfield code="a">DLC</subfield>
    <subfield code="b">eng</subfield>
    <subfield code="c">DLC</subfield>
  </datafield>
  <datafield tag="042" ind1=" " ind2=" ">
    <subfield code="a">pcc</subfield>
  </datafield>
  <datafield tag="050" ind1="0" ind2="0">
    <subfield code="a">RZA 5944, etc.</subfield>
  </datafield>
  <datafield tag="100" ind1="1" ind2=" ">
    <subfield code="a">Weinstein, Arnold.</subfield>
  </datafield>
  <datafield tag="245" ind1="1" ind2="0">
    <subfield code="a">Understanding literature and life</subfield>
    <subfield code="h">[sound recording] :</subfield>
    <subfield code="b">drama, poetry and narrative /</subfield>
    <subfield code="c">[Arnold Weinstein].</subfield>
  </datafield>
  <datafield tag="260" ind1=" " ind2=" ">
    <subfield code="a">Springfield, VA :</subfield>
    <subfield code="b">Teaching Co.,</subfield>
    <subfield code="c">[1995]</subfield>
  </datafield>
  <datafield tag="300" ind1=" " ind2=" ">
    <subfield code="a">30 sound cassettes :</subfield>
    <subfield code="b">analog +</subfield>
    <subfield code="e">6 course guides (22 cm.).</subfield>
  </datafield>
  <datafield tag="440" ind1=" " ind2="4">
    <subfield code="a">The great courses on tape</subfield>
  </datafield>
  <datafield tag="500" ind1=" " ind2=" ">
    <subfield code="a">Teaching Co.: 211A, 211B, 212AA, 212BA, 213AA, 213BA.</subfield>
  </datafield>
  <datafield tag="500" ind1=" " ind2=" ">
    <subfield code="a">In six containers (26 cm.).</subfield>
  </datafield>
  <datafield tag="505" ind1="0" ind2=" ">
    <subfield code="a">pt. 1a. Drama: lecture 1. Why literature, civilization and its discontent ; lecture 2. Oedipus the King and the name of Greek tragedy ; lecture 3. Fate and free will, reading for signs in Oedipus ; lecture 4. Self-making vs. self-discovery in Oedipus ; lecture 5. The interpretive afterlife in Oedipus ; lecture 6. Shakespeare&apos;s Othello, tragedy of marriage and state ; lecture 7. Poison in the ear, or the dismantling of Othello ; lecture 8. Rethinking Othello, race, gender, and subjectivity ; lecture 9. French theatre and Moliere&apos;s comedy of vices ; lecture 10. Tartuffe and varieties of imposture -- pt. 1b. Drama: lecture 11. Religious hypocrisy, beyond comedy ; lecture 12. Georg Bruchner, physician, revolutionary, playwright ; lecture 13. Woyzeck the proletarian murderer, unaccomodated man ; lecture 14. Woyzeck and visionary theater ; lecture 15. Strindberg&apos;s father, patriarchy in trouble ; lecture 16. Marriage, theatrical agon or Darwinian struggle? ; lecture 17. The father, from theater of power to power of theater ; lecture 18. Beckett&apos;s Godot, Chaplinesque or post-nuclear? ; lecture 19. Beckett and the comedy of undoing ; lecture 20. Godot absent, Didi and Gogo present -- pt. 2a. Poetry: lecture 21. Study of literature, approaches, encounters, departures ; lecture 22. Shakespeare&apos;s sonnets, the glory of poetry ; lecture 23. The shape of love and death in Shakespeare&apos;s sonnets ; lecture 24. Innocence and experience in William Blake ; lecture 25. Bleakean fables of desire ; lecture 26. Blake, visionary poet ; lecture 27. Whitman and the making of an American bard ; lecture 28. Myself in Whitman&apos;s 19th-century American hero ; lecture 29. Form and flux, openness and anxiety in Whitman&apos;s poetry ; lecture 30. Emily Dickinson, the prophetic voice from the margins -- pt. 2b. Poetry: lecture 31. Dickinson and the poetry of consciousness ; lecture 32. Dickinson, death and beyond ; lecture 33. Baudelaire, the setting of the romantic sun ; lecture 34. Baudelaire&apos;s poetry of modernism and metropolis ; lecture 35. Robert Frost, the wisdom of the people ; lecture 36. Frost, the darker view ; lecture 37. Wallace Stevens and the modernist movement ; lecture 38. Stevens and the post-romantic imagination ; lecture 39. Adrienne Rich and the poetry of protest ; lecture 40. Rich&apos;s project, diving into the wreck of Western culture -- pt. 3a. Narrative: lecture 41. The lives of the word, reading today ; lecture 42. Chretien de Troyes&apos; Yvain, growing up in the middle ages ; lecture 43. Yvain&apos;s theme, ignorant armies clash by night ; lecture 44. The picaresque novel, satire, filth and hustling ; lecture 45. Francisco Quevedo&apos;s Swindler, the word on the street ; lecture 46. Daniel Defoe&apos;s plain style and the new world order ; lecture 47. Moll Flanders and the self-made woman ; lecture 48. Matter and spirit in Defoe ; lecture 49. Dickens, the novel as moral institution ; lecture 50. Pip&apos;s progress, from blacksmith to snob and back ; lecture 51. Riddles of identity in Great expectations ; lecture 52. Charlotte Bronte and the bildungsroman -- pt. 3b. Narrative: lecture 53. Jane Eyre, Victorian bad girl makes good ; lecture 54. The madwoman in the attic, 19th-century bills coming due ; lecture 55. Melville&apos;s Bartleby and the genesis of character ; lecture 56. Bartleby, Christ on Wall Street? ; lecture 57. Franz Kafka&apos;s Metamorphosis, sacrifice or power game? ; lecture 58. Kafka&apos;s In the penal colony, the writing machine ; lecture 59. Faulkner&apos;s The bear, stories of white and black ; lecture 60. The bear, American myth or American history? ; lecture 61. Tracking the bear, or learning to read ; lecture 62. Alice Walker&apos;s Celie, the untold story ; lecture 63. Ideology as vision in The color purple ; lecture 64. Reconceiving center and margin.</subfield>
  </datafield>
  <datafield tag="650" ind1=" " ind2="0">
    <subfield code="a">Literature</subfield>
    <subfield code="x">History and criticism.</subfield>
  </datafield>
  <datafield tag="710" ind1="2" ind2=" ">
    <subfield code="a">Teaching Company.</subfield>
  </datafield>
</record>