
<record>
  <leader>01378cam a22002411  4500</leader>
  <controlfield tag="001">5923316</controlfield>
  <controlfield tag="005">19980421191155.0</controlfield>
  <controlfield tag="008">750408s1925    xx            000 0 eng  </controlfield>
  <datafield tag="035" ind1=" " ind2=" ">
    <subfield code="9">(DLC)   25010098</subfield>
  </datafield>
  <datafield tag="906" ind1=" " ind2=" ">
    <subfield code="a">7</subfield>
    <subfield code="b">cbc</subfield>
    <subfield code="c">oclcrpl</subfield>
    <subfield code="d">u</subfield>
    <subfield code="e">ncip</subfield>
    <subfield code="f">19</subfield>
    <subfield code="g">y-gencatlg</subfield>
  </datafield>
  <datafield tag="010" ind1=" " ind2=" ">
    <subfield code="a">   25010098 </subfield>
  </datafield>
  <datafield tag="035" ind1=" " ind2=" ">
    <subfield code="a">(OCoLC)1261226</subfield>
  </datafield>
  <datafield tag="040" ind1=" " ind2=" ">
    <subfield code="a">DLC</subfield>
    <subfield code="c">TxDW</subfield>
    <subfield code="d">OCoLC</subfield>
    <subfield code="d">DLC</subfield>
  </datafield>
  <datafield tag="050" ind1="0" ind2="0">
    <subfield code="a">PR99</subfield>
    <subfield code="b">.W77 1925a</subfield>
  </datafield>
  <datafield tag="100" ind1="1" ind2=" ">
    <subfield code="a">Woolf, Virginia,</subfield>
    <subfield code="d">1882-1941.</subfield>
  </datafield>
  <datafield tag="245" ind1="1" ind2="4">
    <subfield code="a">The common reader,</subfield>
    <subfield code="c">by Virginia Woolf.</subfield>
  </datafield>
  <datafield tag="260" ind1=" " ind2=" ">
    <subfield code="a">New York,</subfield>
    <subfield code="b">Harcourt, Brace and company</subfield>
    <subfield code="c">[c1925]</subfield>
  </datafield>
  <datafield tag="300" ind1=" " ind2=" ">
    <subfield code="a"> 4 p. l., 7-332 p.</subfield>
    <subfield code="c">23 cm.</subfield>
  </datafield>
  <datafield tag="505" ind1="0" ind2=" ">
    <subfield code="a">The common reader.--The Pastons and Chaucer.--On not knowing Greek.--The Elizabethan lumber room.--Notes on an Elizabethan play.--Montaigne.--The Duchess of Newcastle.--Rambling round Evelyn.--Defoe.--Addison.--The lives of the obscure: The Taylors and the Edgeworths. Laetitia Pilkington.  Miss Ormerod.--Jane Austen.--Modern fiction.--&quot;Jane Eyre&quot; and &quot;Wuthering Heights&quot;.--George Eliot.--The Russian point of view.--Outlines: Miss Mitford.  Dr. Bentley.  Lady Dorothy Nevill.  Archbishop Thomson.--The patron and the crocus.--The modern essay.--Joseph Conrad.--How it strikes a contemporary.</subfield>
  </datafield>
  <datafield tag="650" ind1=" " ind2="0">
    <subfield code="a">Literature, Modern</subfield>
    <subfield code="x">History and criticism.</subfield>
  </datafield>
  <datafield tag="650" ind1=" " ind2="0">
    <subfield code="a">English literature</subfield>
    <subfield code="x">History and criticism.</subfield>
  </datafield>
  <datafield tag="985" ind1=" " ind2=" ">
    <subfield code="e">OCLC REPLACEMENT</subfield>
  </datafield>
  <datafield tag="991" ind1=" " ind2=" ">
    <subfield code="b">c-GenColl</subfield>
    <subfield code="h">PR99</subfield>
    <subfield code="i">.W77 1925a</subfield>
    <subfield code="t">Copy 1</subfield>
    <subfield code="w">OCLCREP</subfield>
  </datafield>
</record>